3298 5368
656 489 857 552 -123-

138 651 375 722 verisimilium
398 657 539 721 articulo
556 653 770 730 'Lxxxxvt
796 671 942 722 oumnr.
968 657 1099 720 81-89
1126 655 1260 736 paulurn
1293 654 1410 722 immu-

137 769 232 844 tatos,
254 766 382 846 postu.
408 767 449 828 97
474 761 631 828 οολλοοιιτὶ
663 763 793 828 iuberet
808 762 835 827 *.
869 759 1011 844 Borgkio
1041 767 1116 843 post
1138 781 1167 826 ν.
1192 765 1232 827 91
1258 769 1412 847 transpo-

136 872 231 936 nendi
267 871 430 937 videutur.
467 874 530 936 827
556 872 637 936 κατὰ
670 871 728 934 τὸν
763 871 843 948 ἀέρα
876 872 1097 948 πλανώμενον.
1124 874 1188 935 832
1213 871 1272 936 οὐκ
1295 872 1334 950 ἠν
1358 870 1410 952 ἄρ’

137 977 204 1044 οὐδ’
226 980 247 1043 u
270 981 411 1056 λέγουσι,
435 981 515 1044 κατὰ
537 980 594 1042 τόν
627 977 706 1055 ἀέρα
738 979 784 1056 ὡς
808 977 943 1056 ἀστέρες
975 979 1155 1055 γιγνόμεθα,
1180 979 1235 1042 ubi
1270 978 1304 1044 in
1328 977 1407 1044 Mei·

136 1085 231 1150 nekei
262 1085 443 1166 exemplari
479 1103 554 1150 oum
587 1084 773 1150 sententiae
808 1083 945 1149 interitu
972 1091 1134 1150 commuto
1159 1093 1234 1166 post
1258 1087 1338 1163 ἀέρα
1362 1085 1411 1151 di·

136 1191 291 1258 stinctum
316 1199 377 1256 ost

178 1301 237 1363 Av.
263 1301 326 1362 238
352 1301 431 1362 κατὰ
454 1297 724 1376 κήπους-νομὸν
744 1297 819 1376 ἔχει.
843 1300 908 1360 240
932 1297 1082 1362 τὰν-και)
1105 1296 1192 1377 ὄρεα,
1219 1300 1238 1363 i.
1255 1317 1285 1364 e.
1310 1301 1412 1378 νομόν

136 1403 250 1484 ἔχοντα
271 1404 373 1488 (idum
397 1407 430 1469 iu
454 1404 512 1470 To.
536 1401 627 1488 993).
662 1408 727 1470 698
749 1405 1086 1484 χάει-μιγεὶς-ιιοτά
1119 1407 1288 1484 τάρταρον.
1324 1405 1409 1470 1014

136 1505 313 1590 κεκίνηνταί
333 1505 415 1589 τινες
437 1513 555 1589 πληγαλ
577 1514 691 1591 σιιχναλ
715 1509 782 1574 κατ’
807 1510 889 1575 ἄστυ
914 1510 968 1591 (ci.
995 1509 1126 1575 Bochm.
1151 1529 1181 1593 p.
1209 1513 1277 1595 10).

180 1617 214 1681 L.
239 1620 302 1681 261
328 1621 492 1695 γυναῖκας,
516 1619 556 1695 ἃς
579 1619 758 1696 ἐβόσκομεν
780 1615 848 1680 κατ’
870 1616 973 1682 οἷκον.
1003 1621 1067 1682 538
1090 1620 1308 1698 περιέρχονται
1331 1622 1412 1684 κατὰ

135 1727 193 1803 τὴν
217 1726 350 1804 ἀγοράν.
375 1729 439 1788 999
463 1728 514 1790 ταὶ
537 1728 616 1789 κατὰ
640 1721 983 1803 Σπάρταν-ηιιναῑκες
1007 1724 1164 1808 (Laconis
1188 1727 1288 1790 verba
1311 1727 1410 1809 suut).

179 1831 239 1896 Th.
262 1835 327 1896 402
360 1833 440 1896 κατὰ
474 1834 532 1909 τὴν
567 1832 668 1896 οἰκίαν
701 1833 904 1909 πλανωμένη.
941 1837 1007 1896 518
1030 1837 1158 1910 πρᾶγμα
1187 1829 1253 1898 κατ’
1288 1834 1412 1911 ἀγορὰν

136 1938 344 2015 λαλούμενον.
370 1940 434 2000 783
459 1937 586 2016 βάσκετ’
608 1937 745 2013 ἐπείγετε
768 1939 878 2016 πάσας
901 1935 971 2002 καθ’
996 1936 1095 2016 ὁδούς
1117 1939 1217 2021 (idem
1240 1939 1274 2002 in
1302 1943 1412 2018 1173).

138 2045 200 2108 993
224 2048 336 2123 χοροῖς
369 2045 566 2122 τερπόμενος
600 2041 668 2108 κατ’
702 2045 793 2122 ὄρεα.
836 2047 919 2108 1173
944 2045 1041 2109 ὅσοι
1065 2045 1235 2110 καθ’ὁδὸν
1259 2047 1411 2125 ἔφραζον,

139 2149 193 2214 ubi
231 2148 392 2216 locutioni
425 2150 523 2214 etiam
560 2151 721 2231 quaedam
755 2151 947 2231 temporalis
982 2151 1031 2215 vis
1063 2152 1214 2217 subiecta
1238 2161 1296 2219 est.
1326 2154 1411 2215 1180

136 2256 287 2342 ἐλαπρός,
310 2258 421 2335 ὤσπερ
445 2257 548 2334 ψύλλο
573 2259 710 2322 κατὰτὸ
735 2261 853 2341 κῴδιον
877 2257 1030 2339 (Scythae
1055 2258 1155 2322 verbu
1179 2260 1278 2338 sunt).

181 2362 221 2427 R.
243 2365 307 2428 219
332 2369 431 2444 χωρεῖ
454 2363 521 2430 κατ’
548 2365 627 2443 ἐμὸν
649 2367 789 2442 τέμενος,
814 2363 900 2446 quod
930 2381 1102 2446 perperam
1132 2365 1317 2430 Brunokins
1341 2384 1413 2430 ver-

139 2471 181 2534 tit
206 2471 402 2551 „adoreum
427 2472 537 2536 lucum
562 2472 684 2535 venit“.
709 2469 770 2534 Sed
795 2477 886 2536 recte
911 2470 1057 2535 Kookius
1073 2471 1161 2537 istud
1175 2473 1307 2550 τέμενος
1323 2471 1412 2552 ipsos

137 2577 256 2655 Λίμνας
280 2577 380 2643 inisse
404 2578 654 2659 intorpretatur.
677 2576 780 2642 Verte
806 2577 906 2660 igitur
934 2595 1015 2658 „per
1038 2597 1146 2642 meum
1171 2579 1318 2660 ogmm‘.
1349 2581 1412 2642 793

137 2681 216 2750 ἕξειν
241 2685 321 2747 κατὰ
343 2686 461 2763 χώραν.
491 2687 574 2748 1212
597 2683 778 2761 Παρνασὸν
807 2688 885 2749 κάτα
907 2690 1004 2766 πηδᾷ,
1023 2685 1078 2767 qui
1103 2703 1218 2749 vorsus
1243 2683 1413 2765 Euripidis

138 2797 198 2854 est.
226 2792 312 2853 1313
335 2793 415 2854 κατὰ
438 2791 556 2867 γωνίας
580 2791 736 2854 εἱλίσσετε
751 2792 972 2869 -πηνίσματα,

179 2895 240 2962 Εα.
264 2899 306 2962 83
331 2896 394 2974 ἕως
419 2893 463 2961 ἔτ’
487 2899 554 2961 ἐστὶ
577 2895 700 2974 τᾶστρα
724 2900 803 2961 κατὰ
824 2902 883 2960 τόν
907 2896 1059 2973 οὐρανόν.
1078 2899 1140 2958 551
1165 2899 1230 2961 τῶν
1254 2899 1333 2960 κατὰ
1355 2896 1414 2959 πό-

137 3008 183 3068 λιν
206 3004 413 3082 πραγμάτων,
436 2983 524 3085 quoii
547 2999 632 3066 nihil
656 3003 747 3066 uiiud
771 3009 822 3068 est
844 3002 906 3068 nisi
932 3009 999 3067 τῶν
1020 3006 1078 3081 τῆς
1101 3025 1132 3066 π.
1155 3023 1221 3079 πρ.·
1246 3005 1308 3066 693
1335 3003 1414 3066 κατὰ

136 3111 193 3188 τὰς
216 3111 346 3188 διόδους
369 3111 641 3187 προσπίπτουσαι.

179 3217 229 3282 ΡΙ.
255 3220 319 3280 367
344 3216 421 3280 οὐδὲ
454 3219 491 3281 τὸ
532 3215 639 3295 βλέμμ’
676 3217 757 3281 αιίτὸ
789 3219 868 3281 κατὰ
901 3219 1010 3296 χώραν
1046 3219 1139 3295 μένει.
1167 3216 1214 3281 Ci.
1240 3217 1414 3297 Bumberg,

143 3324 237 3398 1885,
262 3341 294 3404 ρ.
322 3328 388 3388 lt.-

181 3427 234 3494 Fr.
259 3432 323 3493 319
348 3431 393 3509 εἰς
414 3431 471 3510 τήν
494 3417 840 3509 Πάρνηθα-ὲφροῡδαι
863 3433 942 3495 κατὰ
965 3433 1023 3495 τὸν
1046 3429 1261 3510 Λυκαβηττόν,
1288 3430 1343 3495 ubi
1367 3440 1415 3494 tu·

138 3553 211 3602 meo
235 3535 427 3602 Diodorfius
451 3539 510 3614 καί,
535 3537 683 3602 Kockius
706 3537 765 3615 κάς
788 3537 978 3604 dubitanter
1000 3538 1185 3619 proposuit.
1212 3541 1286 3614 387,
1307 3541 1326 3601 3
1350 3543 1416 3604 τῶν

139 3643 204 3708 κατ’
231 3645 353 3722 ἀγορὰν
376 3645 580 3722 πραγμάτων.
618 3647 692 3722 388,
718 3648 736 3706 2
763 3645 825 3708 otor
848 3644 916 3708 κατ’
940 3645 1144 3723 αὐτὴν-τήν
1168 3646 1302 3711 εἴσοδον
1326 3646 1363 3728 (i.
1387 3667 1415 3709 o.

139 3749 213 3830 εἰσί)
252 3749 306 3829 ,ἰιι
341 3749 404 3814 hoo
439 3750 512 3831 ipso
546 3751 718 3828 introitu“,
742 3752 806 3816 nisi
843 3751 955 3832 potius
986 3751 1095 3832 „iuxta
1118 3751 1149 3817 h.
1174 3753 1197 3816 i.
1220 3753 1412 3818 introitum“

142 3857 331 3922 vertendum
357 3863 417 3931 est,
443 3858 519 3923 coll.
543 3857 580 3925 N.
607 3860 680 3924 326.

182 3967 216 4049 3)
243 3962 369 4030 Deinde
403 3966 482 4029 κατά
515 3964 687 4048 significat,
714 3965 839 4046 aliquid
875 3966 1077 4030 contrariom
1111 3966 1162 4030 νε]
1186 3983 1296 4032 uorum
1321 3963 1415 4029 vole

139 4071 273 4152 regione
298 4071 610 4154 („naoynporoso“)
634 4071 735 4137 alicui
759 4071 903 4147 adstare,
925 4076 963 4135 ut
987 4071 1019 4136 in

182 4175 220 4242 R.
246 4183 310 4244 626
333 4178 387 4243 iou
421 4181 476 4243 σοὶ
510 4179 576 4244 κατ’
610 4179 801 4258 ὀφθαλμοὺς
837 4180 912 4260 λέγῃ
940 4187 995 4259 „ut
1024 4195 1135 4243 uorum
1160 4183 1194 4244 te
1217 4177 1324 4244 dicatu
1349 4195 1417 4258 ,τε

141 4285 257 4358 rnno“‚
283 4284 480 4350 adverbum
507 4287 567 4363 „ob
593 4285 740 4350 ocutos“.
765 4283 801 4349 V.
829 4283 924 4350 Thus.
949 4305 978 4350 ν.
1004 4285 1063 4362 IV,
1086 4303 1117 4368 p.
1148 4287 1244 4350 1014.

142 4451 351 4466 *ιι-

176 4547 190 4579 ‘
209 4549 346 4618 Ceterum,
365 4563 413 4602 cur
432 4547 553 4602 Kookins
570 4547 670 4600 librum
691 4564 769 4604 suurn
789 4547 873 4618 „Veri
888 4551 1001 4604 simitis“
1017 4548 1198 4618 inscripserit,
1211 4565 1263 4603 nou
1276 4547 1416 4616 intellogm

143 4633 247 4688 mulium
266 4649 337 4702 „non
357 4635 414 4688 reri
433 4634 560 4690 similiu“.
