3328 5370
799 523 979 591 ..38-

300 691 373 758 Nec‘
392 692 604 758 mediocriter
627 693 672 770 εἰς
695 691 824 778 legibus
849 688 980 756 dialecti
1007 691 1138 756 Atticae
1163 692 1437 757 commendatur:
1457 691 1562 756 Nam

256 799 390 866 sialihi
415 813 486 879 ενσ,
509 797 609 864 etiam
633 799 827 865 consonanti
852 803 1020 881 sequente,
1046 798 1079 863 in
1094 811 1154 863 ἐισ
1178 799 1217 863 ab
1249 799 1369 865 Atticis
1392 799 1561 865 mutaba-

256 905 450 984 tur,.valuti
476 905 604 988 εἰστήλῃ
628 921 690 984 pro
714 905 749 968 ἐν
774 907 874 988 στήλῃ
904 902 1091 984 (Meisterh.
1114 921 1145 985 p.
1173 904 1262 989 174),
1289 919 1345 970 cnr
1368 903 1560 988 praeposi-

170 1020 173 1028 '
257 1012 384 1078 tionem
409 1013 463 1090 ἐνς
486 1012 582 1096 (haec
619 1011 705 1076 enim
740 1016 791 1076 est
827 1010 899 1076 cius
923 1009 1153 1092 antiquissima
1176 1011 1294 1096 torma)
1318 1018 1395 1076 ante
1422 1027 1559 1078 conso-

258 1124 391 1184 nantem
415 1118 450 1183 in
474 1119 508 1196 ἐς
531 1117 694 1184 transisse
718 1117 889 1200 putamus?
1276 1131 1278 1140 ’

279 1247 282 1258 ¹
304 1222 466 1289 Similiter
489 1224 587 1290 Iones
610 1225 826 1307 productiore
863 1223 968 1289 torma
1004 1242 1083 1290 usos
1107 1241 1181 1290 esse
1206 1229 1241 1290 et
1262 1244 1279 1289 e
1304 1225 1414 1291 titulis
1438 1243 1555 1308 appa-

227 1329 230 1340 *
261 1327 316 1396 ret
338 1331 521 1411 (Meisterh.
545 1350 576 1414 p.
604 1333 693 1413 175),
717 1339 751 1397 at
774 1330 964 1398 Archiloohi
985 1331 1181 1414 fragmentis
1202 1331 1426 1408 confirmatur,
1452 1331 1550 1414 apud

162 1448 165 1455 '
259 1457 357 1522 quem
381 1445 458 1505 anta
483 1441 614 1505 vocales
638 1440 682 1518 εἰς
704 1445 756 1505 ter
780 1439 814 1504 in
837 1439 1042 1505 tetrametris
1058 1434 1238 1506 trochaicis
1250 1439 1319 1523 (74,
1336 1443 1365 1519 6;
1381 1444 1433 1519 78,
1447 1443 1478 1518 θ’,
1492 1439 1555 1520 5)τ

258 1545 295 1622 ἐς
317 1545 368 1610 bis
392 1544 427 1609 in
450 1545 552 1627 elegis
577 1547 623 1629 (53
649 1551 677 1623 9,
703 1547 737 1632 7)
762 1544 882 1625 inveni,
907 1563 991 1627 quae
1024 1563 1078 1611 res
1114 1545 1187 1611 ideo
1211 1549 1329 1612 notatu
1353 1546 1552 1630 dignaesta

211 1737 214 1744 A
258 1651 348 1733 quod
363 1699 365 1706 .
383 1648 417 1719 in
454 1652 555 1736 elegis
591 1653 772 1718 Homerum
789 1652 961 1730 imitatur,
986 1653 1020 1717 in
1043 1651 1211 1719 trochaeis
1235 1657 1347 1719 autem
1374 1654 1551 1735 „dialecto

259 1757 377 1823 Ionum
401 1759 555 1842 populari
579 1760 719 1843 vestigia
756 1759 870 1843 spicae
906 1760 1038 1844 linguae
1061 1760 1230 1826 lenissime
1253 1761 1416 1843 impressa
1441 1764 1545 1827 sunt“

258 1865 443 1950 (Rennerus
467 1866 501 1930 in
526 1865 632 1932 Curtii
659 1865 849 1950 „Studicn“,
873 1867 899 1951 Ι,
923 1886 954 1949 p.
981 1865 1070 1951 138).
1096 1866 1192 1946 Quod
1221 1873 1331 1932 autem
1356 1868 1546 1933 Homerum

260 1971 308 2037 alt
331 1971 619 2052 Meisterhansius,
641 1974 831 2055 ubicunque
854 1975 983 2040 numeri
1014 1973 1134 2038 indicio
1160 1974 1237 2053 sint,
1260 1975 1410 2057 longiore
1435 1971 1549 2039 forma

261 2077 323 2159 uti,
346 2077 566 2160 hoc'quidem
592 2081 724 2164 egregie
747 2079 884 2161 fallitur,
910 2081 944 2146 in
969 2099 1116 2146 errorem
1148 2081 1312 2158 inductus,
1337 2088 1375 2146 ut
1395 2080 1541 2160 ridetur,

259 2182 345 2250 falso
379 2185 570 2251 testimonio
604 2189 727 2254 veteris
761 2187 978 2267 grammatici,
1016 2207 1036 2252 a
1072 2187 1273 2254 Weckleinio
1305 2188 1397 2272 (Gur.
1436 2187 1545 2270 epigr.

258 2310 290 2374 p.
319 2287 379 2376 59)
401 2290 513 2358 allato:
537 2293 642 2372 εἰς*-
658 2297 850 2374 συμφώνου
875 2298 932 2375 μὲν
956 2295 1190 2374 ἐπιφερομένου
1211 2291 1374 2374 ἐκβάλλειν
1397 2297 1434 2388 τὸ
1459 2315 1468 2359 ι
1490 2295 1547 2360 λε’·

259 2419 357 2479 γεται,
381 2399 574 2478 φωνήεντος
598 2403 633 2464 δὲ
657 2402 889 2482 ἐπιφερομένου
913 2403 1062 2481 φυλάττει
1086 2402 1121 2486 (ί.
1146 2402 1343 2485 φυλάττειν)
1360 2419 1438 2466 num
1456 2396 1548 2467 obli·

261 2510 316 2570 tus
340 2509 392 2572 est
415 2504 497 2570 illud
533 2506 672 2571 Homeri
694 2508 728 2586 ἐς
751 2509 861 2587 ἠέλιον
893 2509 1071 2574 καταδύντα
1093 2509 1201 2591 (Iliad.
1227 2514 1256 2585 1,
1282 2512 1343 2572 401
1372 2509 1451 2592 etc.)
1475 2504 1548 2571 alia.

260 2610 381 2676 multa?
405 2611 507 2690 'Quae
545 2622 618 2678 cum
652 2613 700 2678 ita
736 2613 810 2689 sint,
836 2615 878 2693 ἐς,
904 2615 991 2696 quod
1026 2615 1113 2696 apud
1149 2614 1335 2680 Atticorum
1365 2613 1542 2679 et'Ionum

258 2724 376 2801 poetas
396 2720 561 2804 elegiacos
586 2727 620 2785 et
642 2720 787 2803 tragicos
810 2721 958 2803 itemque
984 2723 1017 2786 in
1042 2723 1149 2788 titulis
1165 2723 1297 2800 Atticis,
1311 2727 1417 2787 metro
1437 2719 1547 2786 inclu-

259 2825 323 2902 sis,
346 2825 434 2891 haud
457 2845 532 2893 raro
557 2826 736 2904 invenitur,
760 2844 827 2891 non
851 2845 890 2891 ex
913 2828 1037 2894 Dorica
1072 2829 1215 2895 dialecto
1240 2829 1284 2913 (ν.
1307 2828 1541 2894 Meisterhans.

148 3001 150 3006 χ
263 2949 296 3013 ρ.
325 2935 410 3015 174),
436 2933 495 2998 sed
529 2939 588 2998 aut
621 2949 660 2997 ex
696 2934 875 2999 Homerica
908 2932 1115 3017 desumptum
1140 2949 1225 3014 esse,
1252 2942 1310 3002 aut
1334 2957 1352 3002 e
1376 2933 1542 3001 communi

264 3037 381 3104 Ionum
416 3047 450 3105 et
484 3039 671 3106 Atticorum
707 3041 817 3124 lingua
841 3042 1072 3126 antiquissima
1095 3060 1247 3110 manasse
1271 3044 1454 3126 putandum
1479 3045 1544 3105 est.

309 3145 427 3211 Restat
449 3153 487 3211 ut
509 3147 688 3213 minutiora
712 3149 871 3231 quaedam
895 3151 1046 3217 adiciam.
1078 3153 1116 3217 In
1139 3133 1363 3218 locutionibus
1388 3153 1422 3230 ἐς
1446 3151 1544 3228 κόρα·

265 3273 325 3330 κας
349 3258 383 3317 et
406 3254 440 3331 ἐς
464 3255 621 3333 μακαρίαν
641 3255 743 3320 Attici
765 3256 917 3322 breviore
951 3257 1058 3326 forma
1081 3258 1133 3323 usi
1158 3276 1232 3324 esse
1256 3258 1418 3334 videntum
1445 3256 1540 3322 cuius

263 3359 313 3424 rei
349 3358 509 3426 disertum
545 3360 775 3428 testimonium
811 3361 958 3429 Helladii
993 3365 1027 3429 in
1062 3363 1173 3429 Photii
1207 3363 1411 3430 bibliotheca
1435 3366 1539 3429 exstat

266 3468 356 3547 (535,
381 3466 446 3543 h,2
471 3467 600 3552 Bekls.):
624 3471 654 3534 oi
677 3469 900 3535 Ἀττικοὶκατά
923 3492 950 3534 τι
974 3471 1109 3547 πάτριον
1133 3472 1207 3550 ἔθος
1230 3473 1269 3536 οὐ
1293 3477 1431 3552 χρῶνται
1453 3476 1489 3554 τῇ
1515 3489 1541 3533 ει

263 3574 429 3659 διφθόγῐῳ
463 3575 498 3640 ἐν
533 3583 578 3660 τῷ
617 3578 718 3652 λέγειν
753 3577 788 3654 ἐς
823 3577 963 3655 κόρακας
992 3579 1011 3655 ἢ
1039 3579 1073 3656 ἐς
1098 3579 1263 3658 μακαρίαν,
1287 3577 1356 3644 ἀλλ’
1381 3579 1458 3644 ἄνευ
1481 3577 1540 3642 τοῦ

262 3681 413 3759 διχρόνου
448 3681 636 3761 ἐκφωνοθσι
671 3684 731 3760 τὴν
764 3682 933 3760 πρόθεσιν·
972 3685 1022 3749 ἐπὶ
1062 3687 1097 3748 hl
1134 3689 1200 3748 τῶν
1236 3685 1344 3750 ἄλλων
1379 3688 1430 3750 καὶ
1465 3683 1544 3763 μετὰ

263 3789 321 3849 τοῦ
364 3788 513 3868 διχρόνου
549 3791 600 3853 καί
638 3791 736 3869 χωρὶς
770 3793 826 3854 τοῦ
851 3792 1000 3870 διχρόνου
1020 3793 1078 3870 τήν
1101 3793 1258 3870 πρόθεσιν
1282 3795 1440 3870 λέγουσιν.
1466 3791 1539 3856 Huc

263 3877 410 3974 pertinet
444 3881 544 3960 etiam
581 3895 769 3962 coniunctio
805 3895 891 3976 ἔστε,
925 3897 959 3964 in
995 3916 1059 3980 qua
1093 3916 1258 3982 nunquam
1294 3900 1338 3978 εἰς
1363 3898 1541 3980 invenitur.

263 3997 421 4064 Simililer
444 3999 570 4067 locutio
595 3999 654 4080 κάς
677 4021 695 4066 e
719 4005 770 4068 καὶ
793 4002 827 4082 ἐς
851 4007 924 4069 orta
957 4021 1031 4070 csse
1069 4003 1211 4071 videtur.
1236 4005 1321 4070 Nam
1347 4005 1434 4086 quod
1457 4003 1540 4068 Mai-

262 4105 469 4173 sterhansius
492 4107 536 4192 (p.
565 4109 643 4189 175)
666 4110 725 4188 κάς
749 4127 855 4192 aeque
876 4115 967 4175 recta
992 4127 1009 4175 e
1034 4113 1084 4176 καὶ
1109 4113 1153 4191 εἰς
1176 4117 1274 4195 κίονα
1299 4132 1316 4177 e
1341 4115 1392 4178 καὶ
1409 4115 1443 4191 ἐς
1461 4106 1557 4177 oriri'

262 4212 411 4293 potuisse
424 4213 513 4289 dicit,
530 4213 617 4295 quod
632 4236 658 4279 er
671 4214 705 4279 in
721 4215 766 4294 εἰς
781 4233 848 4281 non
865 4216 912 4280 sit
927 4215 1159 4301 diphthongus,
1174 4219 1236 4283 hoc
1255 4218 1386 4299 quidem
1404 4217 1542 4294 fallitur,

262 4325 364 4384 utme
382 4317 561 4386 Corschius
577 4320 699 4387 docuit.
719 4322 782 4400 Κάς
805 4323 892 4388 enim
919 4328 1027 4389 ortum
1052 4330 1102 4390 est
1126 4325 1240 4406 eroli)
1254 4327 1297 4406 ἐς,
1311 4330 1348 4390 ut
1373 4326 1478 4406 ἐτίμας
1502 4337 1540 4388 ax

265 4427 398 4508 ἐτίμαες,
431 4443 538 4510 neque
574 4445 591 4492 a
627 4431 679 4494 καί
712 4430 757 4509 εἰς
791 4430 886 4497 nasci
922 4432 1041 4513 potuit.
1077 4415 1169 4509 Nam,
1194 4438 1231 4497 ut
1266 4433 1348 4511 αἴρω
1381 4450 1420 4496 ex
1442 4432 1541 4512 ἀείρω

260 4532 428 4617 (εοθιιο
452 4553 492 4602 cn
515 4536 655 4621 merja),
674 4537 765 4605 είπον
787 4538 842 4620 (--
856 4539 965 4622 sipon)
996 4559 1036 4604 ex
1074 4542 1181 4606 ἔειπον
1204 4542 1379 4623 (zeanpon
1404 4559 1443 4604 ex
1466 4542 1540 4606 eve-

262 4640 383 4720 vepon)
407 4644 519 4706 natum
545 4647 606 4721 est
631 4642 678 4706 ita
701 4663 718 4707 e
743 4642 821 4728 καίὶ)
846 4643 890 4722 εἰς
913 4645 1006 4712 nasci
1030 4661 1168 4710 necesse
1192 4642 1255 4709 luit
1278 4644 1358 4722 καίς.
1383 4644 1480 4724 Quod
1500 4642 1539 4707 ad
