3326 5372
824 461 1025 520 -ιτο-

333 628 370 692 Ρ.
397 631 458 692 735
484 629 583 694 αὑτὸν
605 629 714 711 ἐπῄνει
737 627 820 706 πρὸς
835 628 873 690 τὸ
890 627 1027 705 θέατρον
1042 629 1192 704 παραβὰς
1209 625 1244 690 ἐν
1262 627 1331 702 τοῖς
1348 622 1554 716 ἀν’ᾳπαίστοις.

337 734 370 817 o)
394 735 436 800 N.
460 738 502 799 63
526 736 625 801 ἵππον
659 735 842 812 προσετίθει
873 734 956 811 πρὸς
990 733 1133 812 τοῦνομα
1165 732 1219 817 (oi.
1243 733 1284 797 Ε.
1309 735 1395 796 1015
1418 732 1497 809 πρὸς
1516 736 1556 812 τῷ

289 844 359 906 κυνί
381 844 588 924 προσετέθη).
602 915 604 928 Ι
616 844 700 905 1315
726 843 803 919 ἔπος
823 841 907 920 πρὸς
923 840 1001 919 ἔπος
1016 841 1241 922 ἠρειδόμεσθα,
1253 857 1351 922 quom
1368 839 1555 904 locutionem

288 947 423 1028 proprie
461 945 647 1031 significare
685 952 767 1029 pulo
804 949 960 1028 „verbum
996 946 1097 1011 verbo
1131 946 1380 1030 adiungertem,
1405 944 1496 1029 quael
1517 944 1557 1009 eit

289 1054 338 1119 ἔπ.
362 1077 394 1118 π.
420 1057 470 1120 έπ.
493 1056 730 1134 προστιθέντες.
768 1053 928 1120 Similiter
963 1073 1023 1120 roe
1050 1073 1173 1136 „euoeo
1205 1073 1242 1121 ea
1277 1055 1447 1120 ouoeouu“
1472 1053 1506 1136 (ί.
1531 1069 1555 1114 e.

290 1162 442 1244 moopu).

332 1270 392 1332 Av.
416 1270 478 1332 241
505 1269 664 1348 πετόμενα
699 1270 782 1347 πρὸς
818 1270 896 1347 ἐμάν
932 1269 1045 1334 ἀοιδάν
1080 1267 1132 1348 (ol.
1158 1268 1217 1338 Th.
1243 1273 1272 1347 3,
1297 1271 1348 1346 22,
1374 1271 1393 1331 l
1421 1268 1557 1348 ἐχώρουν

288 1377 372 1454 πρὸς
395 1378 454 1453 τὴν
475 1376 578 1459 βοήν).

331 1481 368 1545 L.
396 1483 481 1546 1264
506 1484 747 1564 μόλε-ποττὰς
769 1484 927 1560 σπονδάς.

332 1588 372 1652 R.
396 1591 462 1654 884
486 1590 718 1670 ἀγὼν-χωρεῖ
739 1591 823 1668 πρὸς
846 1576 952 1667 ἔργον.
980 1593 1063 1654 1215
1087 1591 1343 1667 πρὸς-τουτονί
1365 1591 1424 1654 τὸν
1445 1588 1556 1665 πρόλο-

288 1699 563 1774 γον-προσάψαι
586 1697 736 1774 λήκυθον.

334 1802 368 1885 2)
391 1802 466 1866 Alie
489 1801 540 1868 vis
564 1808 617 1868 est
639 1803 910 1884 praepositionis,
935 1821 1010 1868 oum
1045 1801 1171 1884 aliquid
1204 1801 1249 1866 σά
1283 1801 1427 1884 aliquem
1456 1801 1556 1865 louum

287 1927 406 1972 versos
430 1910 554 1974 moveri
578 1909 712 1989 dicitur,
728 1909 775 1974 ito
799 1916 918 1986 tumen,
932 1915 970 1974 ut
992 1910 1020 1974 is
1043 1908 1137 1975 loeus
1163 1909 1290 1975 nonsit
1312 1907 1387 1975 finis
1410 1903 1555 1974 movendi

287 2031 348 2080 mo
374 2034 449 2080 eum
472 2015 529 2081 illo
551 2034 607 2082 res
631 2035 774 2098 umquem
799 2017 943 2102 attinget
966 2016 1045 2100 (,‚uo
1069 2017 1352 2100 uoupouueuim“).
1385 2012 1556 2098 Suspendi-

287 2125 343 2187 lur
366 2129 477 2188 aulem
501 2122 626 2189 locutio
650 2123 942 2206 praepositiouolis
967 2141 1040 2188 eum
1065 2143 1104 2189 ex
1128 2123 1203 2191 aliis
1235 2124 1343 2189 verbis
1368 2123 1428 2207 (b),
1451 2132 1518 2187 oum
1539 2139 1555 2184 e

286 2229 396 2295 uerbis
430 2231 603 2308 τρέπεσθαι
632 2231 792 2315 (τρέπειν),
819 2233 1025 2312 στρέφεσθαι,
1059 2233 1192 2310 βλέπειν,
1218 2234 1382 2312 κεχηνέναι
1406 2233 1465 2316 (b).
1490 2227 1555 2307 Qua

287 2338 321 2401 vi
345 2337 391 2415 ὡς
412 2339 692 2419 praepositionem
718 2357 832 2404 carere
856 2339 954 2405 docet
976 2339 1111 2404 Boehm.
1135 2359 1167 2422 p.
1194 2343 1268 2404 116.

332 2443 364 2525 a)
387 2443 423 2508 P.
452 2446 513 2507 158
537 2446 740 2524 παρακλίνεις
763 2447 839 2524 τοὺς
863 2451 1025 2525 μυκτῆρας
1047 2448 1129 2524 πρὸς
1152 2449 1210 2524 τάς
1234 2446 1365 2522 λαύρας.

300 2583 302 2590 ·
332 2548 368 2613 L.
394 2553 458 2614 229
483 2555 518 2614 et
542 2554 605 2615 230
630 2552 670 2615 οὐ
693 2553 778 2629 πρὸς
800 2553 858 2616 τὸν
881 2552 1012 2632 ὄροφον
1035 2553 1179 2618 ἀνατενῶ
1202 2555 1242 2618 τὰ
1264 2553 1411 2630 περσικά.

333 2655 390 2722 Τί..
417 2658 456 2721 69
481 2658 521 2734 ἣν
545 2659 586 2736 μὴ
610 2659 705 2743 προίῃ
730 2658 846 2736 θύρασι
868 2661 949 2737 πρὸς
972 2660 1030 2724 τὸν
1052 2662 1153 2738 ἥλιον.

332 2763 386 2829 Fr.
410 2767 487 2841 488,
515 2771 531 2828 5
557 2765 785 2848 ὅταν-ἱστῇς,
809 2769 867 2831 τοῦ
890 2768 1047 2832 ταλάντου
1071 2769 1109 2832 τὸ
1134 2768 1234 2848 ῥέπον
1266 2770 1351 2831 κάτω
1377 2767 1498 2845 βαδίζει,
1520 2761 1556 2826 τὸ

287 2872 323 2934 δέ
347 2872 443 2935 κενὸν
466 2873 550 2950 πρὸς
572 2873 630 2937 τὸν
653 2871 727 2936 Δία.
1306 2892 1309 2897 ·

330 2976 364 3060 b)
387 2978 656 3053 τρέπεσθαι
692 2979 922 3062 (τρέπεινλε
958 2982 1016 3043 Αν.
1042 2982 1218 3043 717-718
1241 2980 1325 3058 πρὸς
1348 2978 1471 3044 ἅπαντα
1492 2974 1556 3053 τρέ·

284 3089 385 3147 πεσθε
416 3084 499 3162 πρός
532 3081 558 3146 τ’
595 3085 754 3164 ἐμπορίαν
790 3089 841 3150 καὶ
874 3087 957 3165 πρὸς
992 3088 1099 3165 βιότου
1132 3092 1245 3166 κτῆσιν
1273 3089 1427 3164 καὶπρὸς
1449 3089 1554 3162 γάμον.

287 3194 372 3253 1450
397 3191 511 3268 τρέψαι
534 3192 600 3275 (σε)
623 3194 706 3272 πρὸς
731 3193 828 3271 ἔργον
850 3193 993 3271 νόμιμον.

329 3294 364 3360 Ι..
392 3297 476 3359 1137
501 3298 712 3378 πρὸς-ὑμᾶς
739 3300 905 3377 τρέψομαι.

330 3401 778 3486 (μετα)στρέφεσθαι;
816 3403 873 3472 Th.
901 3407 986 3469 1128
1011 3407 1094 3483 πρὸς
1128 3406 1216 3483 τίνας
1247 3410 1400 3484 στρεφθῶ
1435 3405 1555 3481 λόγους;

329 3505 365 3571 R.
392 3511 455 3571 539
480 3512 756 3589 μεταστρέφεσθαι
779 3513 862 3588 πρὸς
885 3512 922 3574 τὸ
947 3514 1205 3589 μαλθακώτερον.

331 3611 683 3696 (άπα)βλέπειν*;
707 3619 745 3684 A.
770 3619 830 3680 291
858 3617 941 3694 πρὸς
969 3616 1017 3696 ἔμ’
1042 3618 1244 3696 ἀποβλέπειν.

325 3720 364 3788 N.
389 3724 452 3786 323
477 3723 698 3801 βλέπε-πρὸς
721 3724 779 3802 τὴν
801 3723 968 3802 Πάρνηθα.

329 3827 366 3892 Ρ.
392 3831 453 3890 635
479 3829 611 3907 ἔβλεπεν
634 3827 816 3909 πρὸςτοὺς
840 3831 1003 3908 λέγοντας.

318 4165 429 4234 *Quod
447 4166 600 4221 Muellerus
620 4166 655 4220 od
675 4167 744 4220 Aeh.
764 4170 815 4221 291
837 4167 935 4221 statuit
954 4166 1098 4222 discrimen
1129 4167 1203 4220 iuter
1233 4167 1404 4231 ἀποβλέπειν
1432 4167 1470 4228 είς
1497 4173 1553 4216 τινα

282 4261 313 4311 el
331 4256 428 4319 ἀποβλ.
447 4257 519 4321 πρός
537 4273 610 4319 τινα,
629 4273 690 4310 oum
718 4256 787 4310 illud
818 4257 953 4325 „aliquem
983 4257 1149 4325 suspicerm,
1170 4256 1222 4312 hoo
1240 4256 1377 4324 „aliquem
1405 4250 1552 4326 udrpioere“

282 4345 375 4400 volere
404 4345 517 4412 diceret,
536 4346 564 4399 id
593 4344 672 4399 nihili
701 4361 763 4400 esse
789 4344 869 4400 facile
888 4346 1044 4415 intellegor,
1063 4347 1085 4400 si
1106 4361 1153 4400 eos
1173 4345 1255 4416 locos,
1274 4361 1341 4414 quos
1360 4363 1443 4416 supro
1459 4349 1494 4413 (p.
1512 4337 1553 4406 56)

282 4435 371 4503 attuli,
390 4451 451 4488 oum
478 4434 512 4488 iio
539 4435 675 4504 conferes,
694 4451 762 4502 quos
790 4435 835 4488 hic
863 4435 957 4504 affero,
977 4442 1008 4490 ut
1028 4434 1062 4490 N.
1084 4437 1134 4489 161
1155 4434 1193 4498 εἰς
1212 4439 1265 4500 τὴν
1292 4440 1346 4501 γῆν
1365 4436 1511 4500 βλέπουσιν
1528 4433 1552 4482 el

282 4529 334 4579 323
355 4525 438 4587 βλέπε
457 4524 529 4590 πρὸς
548 4527 600 4589 τήν
619 4523 771 4590 Πάρνηθα.
