3298 5368
649 507 825 568 ...31-

129 671 168 737 N.
196 673 266 737 800
295 675 383 739 κᾶστ
406 675 440 739 ὲκ
464 678 623 751 γυναικῶν
658 673 823 751 εὐπτέρων
862 677 926 737 τῶν
952 671 1119 752 Κοισύρας.
1145 673 1373 740 Bachmannus

89 777 267 862 (Philolog.
295 781 324 842 V
348 781 463 864 Suppl.
496 801 526 862 p.
563 781 651 864 235),
689 778 810 862 plurali
845 799 981 846 numero
1011 777 1164 858 offensus,
1200 781 1235 844 ἐκ
1268 802 1373 858 γυναι-

90 887 142 964 κός
167 887 336 966 εύπτέρου
360 909 417 954 του
442 889 601 967 Κοισύρας
626 888 791 970 proponit,
817 887 890 952 coll.
918 886 953 952 V.
972 890 1054 955 181.
1079 888 1137 952 Αν.
1156 886 1282 951 5128.
1297 888 1372 950 912.

91 993 222 1063 (lesen.
252 997 313 1078 Ag.
338 997 403 1079 55),
428 995 465 1064 lr.
492 999 545 1074 25;
570 996 655 1060 υυύο
691 1000 793 1075 patet,
829 1011 905 1060 eum
943 993 1026 1058 illud
1060 1015 1117 1058 του
1148 993 1188 1058 ad
1214 993 1373 1072 Κοισύρας

92 1100 277 1181 rettulisse,
302 1103 388 1183 quod
412 1103 443 1166 ei
467 1120 531 1168 non
556 1101 729 1168 assentior.
754 1101 849 1166 Mitto
880 1102 977 1176 enim,
1004 1100 1092 1182 qood
1116 1101 1203 1182 apud
1227 1100 1372 1166 comicos

97 1225 277 1288 pronomen
313 1207 518 1274 indefinitum
554 1210 678 1276 nomini
702 1209 835 1290 proprio
858 1209 923 1272 nisi
945 1210 1168 1290 postpositum
1193 1225 1259 1272 non
1283 1208 1372 1280 inue-

97 1315 175 1380 nitur
202 1319 253 1388 (v.
278 1317 370 1382 locos
403 1317 520 1381 allatos
555 1323 589 1382 et
622 1335 703 1402 quos
734 1315 892 1382 Jacobius
916 1315 950 1380 in
975 1316 1085 1380 indice
1108 1335 1137 1379 ν.
1162 1315 1205 1378 113
1229 1333 1261 1397 p.
1287 1317 1369 1380 1041

95 1419 257 1505 collegit);
282 1423 340 1487 sed
366 1441 404 1488 aa
425 1424 615 1489 coniectura
651 1435 795 1504 occepta,
822 1441 958 1503 prorsus
995 1423 1141 1504 intellegi
1165 1441 1230 1486 non
1254 1428 1374 1502 potest

93 1527 165 1608 quid
191 1547 318 1596 causae
341 1529 451 1607 luerit,
477 1549 536 1595 our
560 1531 739 1616 singularis
769 1549 925 1595 numerus
950 1532 984 1596 in
1008 1531 1182 1611 pluralem,
1207 1531 1263 1611 qui
1286 1548 1373 1594 nuno

92 1633 244 1700 inlibris
269 1636 398 1718 legitur,
424 1643 617 1701 mutaretur.
642 1636 769 1718 itaquo,
796 1638 823 1702 si
849 1637 926 1718 qnid
956 1636 1150 1701 mutandum
1175 1643 1237 1712 est,
1264 1636 1374 1700 conie-

93 1739 192 1804 cerim
219 1744 256 1807 ἑκ
280 1745 430 1820 γυναικὸς
454 1743 609 1821 εὐπτέρου
622 1748 687 1818 τῶν
705 1745 864 1822 Κοισύρας
888 1744 969 1824 (Κτ,
986 1745 1011 1822 Ι,
1028 1747 1080 1816 47,
1107 1744 1141 1820 9)
1171 1761 1274 1824 „quas
1300 1749 1373 1806 orta

91 1851 205 1914 estex
232 1849 345 1930 aliqua
369 1850 408 1913 tle
432 1849 597 1932 (loesyrae
618 1853 850 1932 posteritate“,
874 1857 911 1914 ut
933 1850 972 1916 Ε.
999 1854 1074 1914 786.
1100 1850 1140 1917 V.
1170 1855 1264 1914 1267.
1282 1849 1372 1912 Fieri

91 1959 215 2034 potest,
251 1962 286 2022 ot
320 1949 449 2040 aliquis
473 1976 538 2023 non
571 1958 765 2040 intellegens
808 1960 1007 2040 singularem
1043 1976 1216 2022 nnmerum
1251 1956 1373 2039 plurali

92 2063 294 2142 appositum,
316 2064 408 2128 illum
433 2065 472 2128 ad
497 2064 582 2128 huno
607 2065 882 2129 accomodaverit.

134 2172 195 2234 Ar.
222 2173 287 2234 282
313 2171 524 2249 οὗτός-ἐστι
558 2173 753 2250 Φιλοκλέους
790 2173 821 2240 ἐξ
856 2173 980 2251 ἔποπος
1014 2171 1091 2252 „hio
1116 2178 1167 2237 est
1189 2169 1276 2236 filius
1297 2170 1372 2234 Phi·
1468 2253 1471 2260 .

93 2273 201 2354 loclis‚
227 2296 266 2342 ex
291 2277 404 2360 Epope
429 2280 612 2362 prognati'‘.
636 2278 683 2344 ot.
709 2279 812 2346 Kock.
837 2286 871 2344 et
896 2281 1047 2362 Blaydes.
1074 2284 1136 2344 283
1163 2280 1218 2346 κάξ
1242 2280 1373 2344 Ἱππονί-

93 2400 150 2446 κου
178 2385 327 2462 Καλλίας.
355 2389 439 2450 1652
464 2389 590 2451 ῶν-ἐκ
614 2389 708 2464 Ξένης
731 2388 892 2464 γυναικός.

136 2489 173 2553 R.
201 2496 261 2555 731
290 2493 348 2556 κάκ
372 2498 535 2570 πονηρῶν,
561 2494 615 2557 ubi
641 2493 714 2557 οὖσι
739 2493 839 2560 simul
870 2493 1013 2558 auditur.

133 2597 170 2682 b)
197 2599 324 2664 Deinde
348 2601 387 2662 (lo
413 2599 636 2676 laconicum,
661 2601 746 2666 unrle
782 2602 856 2682 quis
892 2601 1048 2666 oriundus
1074 2605 1134 2673 est,
1161 2599 1213 2662 val
1237 2600 1300 2676 ubi
1316 2599 1372 2662 ha-

95 2700 176 2768 litat
200 2706 253 2772 uel
277 2725 472 2789 quoeunque
494 2708 559 2771 alio
585 2709 681 2772 modo
706 2727 781 2772 oum
805 2727 843 2772 eo
869 2709 1064 2772 coniunctus
1088 2711 1149 2772 est:

137 2813 172 2892 o)
198 2813 384 2878 nominibus
409 2795 615 2897 appellativis
641 2816 808 2880 adiuncto:

140 2915 180 2989 E.
207 2924 266 2984 181
295 2921 351 2987 κάξ
376 2923 497 2999 ἀγορᾶς
521 2921 557 2985 εἰ.

139 3023 180 3092 N.
205 3032 247 3091 47
274 3027 782 3105 Μεγακλέους-ἀδελφιδῆν-ἐξ
810 3027 947 3105 ἄστεως.

139 3133 177 3200 V.
204 3137 268 3198 266
292 3136 351 3198 οὑκ
371 3140 429 3214 τῆς
452 3136 552 3212 οἰκίας
576 3137 674 3210 τῆσδε
710 3136 936 3213 συνδικάστης.
969 3137 1032 3198 526
1057 3136 1113 3198 τὸν
1139 3136 1174 3200 ὲκ
1197 3134 1372 3212 θήμετέρου

96 3244 284 3319 ϊυμνασίου.

138 3346 174 3412 P.
204 3351 287 3412 1185
311 3348 466 3426 τούς-ἐξ
492 3347 626 3424 ἄστεως.

139 3455 195 3518 Αν.
221 3457 288 3518 818
312 3455 347 3517 ἐκ
370 3460 435 3520 τῶν
457 3459 604 3534 νεφελῶν
628 3457 678 3518 καὶ
701 3458 766 3519 τῶν
790 3455 959 3533 μετεώρων
983 3455 1110 3534 χωρίων
1133 3453 1270 3536 (ὄνομα).

140 3560 196 3626 Eo.
223 3563 286 3626 432
313 3562 423 3626 οἱ-ἐκ
443 3567 508 3626 τῶν
530 3564 650 3640 ἀγρῶν.
676 3564 740 3626 684
764 3563 840 3640 τοὺς
864 3562 898 3624 ἐκ
921 3563 979 3624 τού
1011 3565 1099 3641 βῆτα.
1126 3563 1189 3624 686
1215 3562 1373 3640 τούς-ἐκ

97 3672 152 3731 τού
176 3671 293 3735 κάππα.

142 3775 173 3859 β)
191 3775 380 3840 nominibus
404 3776 548 3858 propriis
573 3775 739 3841 adiuncta:

140 3884 176 3948 Α.
203 3887 267 3946 724
290 3884 421 3962 ἱμάντας
445 3885 479 3948 ἐκ
500 3884 644 3962 Λεπρῶν,
670 3883 727 3965 qui
762 3884 855 3948 locus
879 3880 1056 3962 multiplici
1077 3885 1205 3946 ratione
1232 3880 1373 3962 explico-

99 3991 149 4056 tur
172 3996 207 4056 et
230 3991 271 4055 ab
298 3990 443 4072 antiquis
466 3996 499 4053 et
522 3991 799 4058 arecentioribos
816 3987 1066 4069 interpretibus;
1084 3987 1230 4051 omnium
1249 3987 1372 4068 optime

99 4096 175 4162 mihi
209 4097 341 4162 videtur
374 4097 555 4162 Muellerus
592 4097 824 4180 Aristophanis
848 4095 948 4159 uerba
970 4095 1187 4160 intellexisse:
1215 4089 1372 4177 „illudit

101 4203 333 4287 inquit,poeto
358 4203 555 4268 adverbum
592 4206 707 4280 λέπειν,
733 4203 820 4285 quod
846 4201 934 4268 valet
958 4203 1096 4280 ἐκδέρειν
1121 4203 1372 4280 μαστιγοῦντα...

101 4308 285 4396 Praeterea,
309 4330 382 4378 cum
417 4313 491 4376 lora
517 4309 660 4376 humana
684 4310 794 4392 specie
820 4308 935 4374 induat
958 4315 1066 4390 poeta,
1090 4308 1232 4388 patriam
1258 4325 1371 4374 eorum

100 4419 276 4492 nominans,
304 4416 422 4482 alludit
445 4417 484 4480 all
509 4415 623 4480 urbem
649 4418 801 4494 Λέπρεον,
827 4415 860 4479 in
885 4413 982 4480 Elide
1007 4414 1138 4480 sitam“.

139 4521 177 4586 E.
202 4525 266 4588 668
290 4521 309 4586 ὁ
332 4523 429 4604 κήρυξ
453 4524 512 4588 οὑκ
536 4524 785 4602 Λακεδαίμονος.
811 4524 875 4586 846
899 4525 964 4586 τῶν
988 4519 1134 4584 ἀσπίδων
1157 4521 1222 4583 τῶν
1245 4519 1280 4583 ὲκ
1303 4519 1370 4584 Πύ-

101 4629 164 4694 λου.
193 4631 275 4694 1167
301 4633 365 4693 τῶν
390 4630 476 4694 ὀλῶν
499 4634 563 4694 τῶν
586 4630 621 4692 ἐκ
644 4630 767 4694 Πύλου.

1246 4735 1263 4791 6
