3328 5370
614 511 842 579 ¹-4B-

148 685 332 761 Airrvo:
354 681 394 748 ·V.
421 685 483 748 123
503 677 694 749 διέπλευσεν
717 684 762 762 εἰς
786 683 835 747 Ao.
918 725 921 732 -

148 787 445 870 Ἀκαδήμειατ
469 788 507 854 Ν.
534 793 619 854 1005
645 790 689 868 εἰς
713 787 759 854 Ἀ.
785 791 912 856 κατιών.

150 897 434 977 Ἀλμυρίδεςι
458 895 512 961 Fr.
543 899 616 976 132,
643 900 658 960 1
687 900 862 977 βληθεῖσαν
884 897 930 976 είς
954 898 997 964 Ἁ.

157 1005 278 1070 Γέλαι
302 1003 356 1068 Fr.
382 1007 446 1069 618
470 1002 515 1082 εἰς
540 1005 560 1068 Γ
561 1054 568 1068 .
597 1005 757 1084 ἀφίξομαι.

157 1111 280 1190 Δελφ
293 1131 312 1175 0
326 1111 345 1176 i:
368 1112 427 1176 Ατ.
455 1112 520 1176 618
543 1111 588 1189 εἰς
613 1111 858 1189 Δ.--ἐλθόντες.

160 1214 413 1296 Ἐλύμνιον·
436 1217 473 1282 P.
493 1220 579 1282 1126
605 1217 892 1296 ἀποπετήσει-είς
916 1216 962 1282 ’fi

159 1321 447 1402 Ἐπίδαυροςι
474 1321 512 1392 Β.
538 1327 602 1388 364
628 1324 1036 1403 ἀσκώματα-διαπέμπων
1060 1325 1105 1404 εἰς
1129 1323 1175 1389 Ἐ

45 1433 56 1451 “
154 1432 271 1511 Καρχ
285 1431 418 1508 notior:
444 1427 484 1495 Ε.
511 1432 597 1495 1303
623 1431 778 1495 αἰτεῖσθαί
799 1428 856 1495 τιν’
880 1429 972 1510 ἡμῶν
995 1431 1112 1496 ἑκατὸν
1135 1431 1180 1509 εἰς
1205 1435 1237 1495 Κ.

156 1539 460 1617 Κεραμεικόςτ
484 1537 523 1603 Ε.
551 1541 617 1602 772
640 1537 787 1617 ἑλκοίμην
812 1538 856 1616 εἰς
882 1539 915 1601 Κ.
1116 1535 1120 1542 ’

151 1643 189 1709 R.
220 1646 283 1709 129
311 1645 517 1723 καθέρπυσον
542 1645 586 1723 είς
611 1646 643 1708 Κ.

153 1752 259 1830 Κόρι
274 1759 391 1832 νθοςε
419 1752 459 1818 Ε.
484 1757 549 1818 604
574 1753 827 1832 ἐξεπήδων-εἰς
853 1754 885 1819 Κ.
936 1803 940 1814 .

150 1861 469 1940 Λακεδαίμονι
493 1860 529 1926 L.
558 1865 640 1926 1231
669 1859 749 1925 ὅταν
774 1861 916 1940 ἔλθωμεν
939 1862 984 1940 εἰς
1007 1863 1044 1926 Λ.

148 1964 304 2046 Λιβύηι
328 1966 388 2030 Αν.
413 1969 478 2030 710
502 1964 583 2030 ὅταν
606 1966 745 2044 γέρανος
768 1963 812 2043 εἰς
835 1968 894 2044 τὴν
923 1969 959 2032 Λ.
984 1972 1161 2049 μεταχωρῇ.

148 2071 267 2137 Λύκε
281 2092 320 2139 ιο
334 2090 362 2137 νε
386 2071 423 2138 P.
449 2075 512 2137 356
537 2074 738 2152 πλανώμενοι
761 2072 805 2150 εἰς
829 2074 865 2138 Λ.

151 2179 617 2259 Νεφελοκοκκυγίαν
640 2180 700 2243 Αν.
728 2183 812 2244 1023
836 2180 998 2259 ἥκω-εἰς
1020 2181 1077 2258 τὰς
1102 2181 1138 2245 Ν.

150 2285 183 2350 Π
196 2286 217 2350 ά
231 2306 250 2363 ρ
265 2306 284 2350 0
298 2303 326 2365 ςι
351 2283 389 2351 V.
417 2290 501 2352 1189
525 2287 894 2366 τεθεώρηκα-οὐδαμοῖ
915 2289 999 2366 πλὴν
1023 2287 1067 2366 εἰς
1089 2287 1130 2352 Π.
1154 2287 1215 2368 „ad
1238 2291 1389 2368 spectan-

103 2395 168 2457 dos
192 2392 291 2458 ludos
316 2412 489 2476 nusquam,
512 2393 578 2459 nisi
601 2393 733 2472 Porum,
757 2394 925 2477 proiectus
951 2395 1056 2460 τουτί’.

151 2500 289 2566 Πῖσα
314 2500 358 2565 R.
383 2501 468 2566 1232
493 2499 678 2585 (Euripidis
701 2519 820 2569 vorsus
843 2501 907 2586 est)
929 2501 974 2580 εἰς
996 2503 1038 2567 Π.
1061 2501 1176 2569 ἐλθών.

150 2606 286 2673 Πνίιξι
310 2605 349 2670 Ε.
376 2610 435 2673 751
463 2605 588 2687 παρεῖν’
612 2608 657 2686 εἰς
680 2610 738 2686 τὴν
761 2608 885 2674 Πύκνα.

150 2711 211 2778 Εα.
237 2717 297 2778 281
326 2714 372 2794 εἰς
387 2717 445 2793 τὴν
456 2714 499 2780 Π.
509 2716 605 2792 ἥξειν.
631 2717 695 2780 283
719 2719 789 2795 τοῖς
813 2717 854 2796 μὴ
879 2719 1040 2794 παροῦσιν
1055 2715 1196 2794 ὀρθρίοις
1213 2715 1257 2792 εἰς
1271 2715 1329 2792 τὴν
1345 2713 1388 2777 Π.

105 2823 174 2884 384
198 2820 388 2899 ἦλθεν-εἰς
411 2824 469 2899 τὴν
491 2823 533 2886 Π.
894 2893 899 2902 ,

151 2925 370 3003 Σαλαμίςῑ
395 2925 431 2990 L.
456 2929 519 2990 411
546 2927 729 3005 ἐμοὶ-ἔστ’
753 2927 798 3004 εἰς
822 2929 857 2990 Σ.
880 2927 1050 2992 πλευστέα.

152 3033 365 3111 Σάρδ-ειςι
389 3033 429 3097 V.
457 3037 540 3098 1139
565 3034 610 3112 εἰς
634 3037 669 3099 Σ.
694 3035 862 3112 ἐλήλυθας.

152 3139 360 3205 Σικελίας
383 3139 419 3204 L.
446 3141 509 3203 392
533 3143 624 3205 πλεῖν
648 3140 692 3218 εἰς
716 3142 751 3204 Σ.

154 3246 428 3325 Φάρσαλοςι
445 3245 482 3310 V.
510 3249 590 3312 1271
620 3247 665 3325 εἰς
688 3247 727 3310 Φ.
745 3247 857 3328 ᾤχετο.

153 3350 295 3418 Nomina
317 3350 466 3432 fororum
488 3357 531 3438 (v.
557 3357 602 3430 ἐν,
623 3373 655 3436 ρ.
679 3354 715 3434 7)
739 3352 791 3418 bis
815 3368 889 3416 cum
914 3349 958 3430 εἰς
981 3350 1234 3434 coniunguntur:

152 3460 213 3523 Ατ.
240 3459 327 3522 1288
346 3468 486 3544 κατῇρον
509 3463 554 3539 εἰς
577 3464 616 3526 τὰ
641 3462 752 3540 βιβλία.

152 3567 208 3633 Fr.
235 3571 312 3648 299,
339 3573 353 3632 1
381 3565 464 3648 τρέχ’
490 3567 534 3648 εἰς
556 3569 615 3633 τόν
639 3567 741 3633 οἶνον.

154 3677 190 3759 b)
215 3674 409 3742 Proximum
433 3681 494 3753 est,
518 3681 557 3741 ut
579 3675 713 3742 nomina
748 3694 868 3750 rerum,
893 3674 938 3752 εἰς
961 3671 1200 3756 praepositioni
1223 3672 1387 3750 adiuncto,

107 3783 258 3850 riorum.
288 3783 341 3848 Δα
362 3783 506 3866 primum
529 3782 663 3866 quidem
688 3782 728 3847 de
752 3780 916 3861 aedificiis
940 3797 1088 3862 agamus.

154 3893 259 3971 ἄντρ
273 3911 334 3957 or:
358 3890 394 3955 P.
420 3891 598 3957 223-224
632 3891 732 3969 αὐτὴν
767 3888 891 3969 ἐνέβαλ’
922 3888 968 3966 εἰς
991 3887 1212 3968 ἄντρον-εἰς
1235 3892 1387 3964 ποῖον;-

109 4001 155 4077 εἰς
177 3999 277 4064 τουτί.
549 3989 550 3994 ’

154 4127 175 4170 α
190 4105 284 4183 oiri:
308 4103 346 4168 P.
373 4107 433 4169 161
459 4103 554 4182 χώρει
576 4104 657 4182 Διὸς
682 4104 726 4182 εἰς
744 4103 856 4182 αὐλάς.

156 4212 425 4290 βαλανεῖον
449 4205 489 4272 N.
514 4208 578 4271 837
604 4209 649 4286 είς
674 4212 844 4288 βαλανεῖον
866 4208 955 4286 ἦλθε.

111 4369 114 4378 ,
154 4316 192 4382 R.
220 4317 306 4380 1279
331 4315 376 4394 εἰς
399 4315 438 4379 τὸ
463 4318 492 4393 β.
516 4314 680 4393 βούλομαι,
706 4314 762 4378 ubi
786 4313 923 4380 verbum
941 4313 1093 4380 movendi
1119 4314 1279 4381 omissum
1304 4317 1365 4379 est.

155 4421 204 4486 Pl.
230 4421 294 4485 952
318 4419 364 4499 εἰς
386 4421 423 4485 τό
449 4424 478 4499 β.
501 4419 602 4498 τρέχε.

132 4531 386 4612 Ιβασίλειαι
411 4530 449 4594 Α.
474 4529 517 4592 80
541 4527 586 4606 εἰς
608 4529 647 4593 τὰ
671 4533 699 4608 β.
723 4529 873 4608 ἤλθομεν.
