3328 5370
718 427 894 488 ..23-

201 593 245 660 V.
271 595 336 658 709
362 594 529 662 ἀν--έζυιν
552 595 587 660 έν
610 598 688 660 πᾶσι
712 598 851 678 λαγῴοις
890 595 941 658 καῖ
964 594 1271 672 στεφάνοισιν-καὶ
1292 597 1363 673 πυῷ
1387 593 1438 655 καί

160 700 307 783 πυριάτῃ,
333 715 419 780 quae
442 699 602 765 voeabula
636 699 746 765 omnia
778 715 876 764 unam
912 697 1081 763 notionem
1105 695 1298 762 describunt
1319 697 1354 760 ἐν
1377 699 1438 760 πᾶ-

160 821 213 871 σιν
238 805 386 884 ἀγαθοῖς.

206 911 413 994 Quamquam
438 911 532 993 haec,
556 930 640 996 quae
664 911 889 989 modoetien,
913 910 1062 992 exempla
1083 910 1211 974 rectius
1234 907 1373 974 forsitan
1397 925 1436 973 eo

160 1017 299 1097 toleras,
323 1019 380 1084 ubi
403 1019 443 1084 de
468 1039 507 1086 ea
530 1021 562 1085 vi
585 1018 854 1103 praepositionis,
873 1036 956 1100 quae
985 1025 1037 1084 est
1063 1017 1199 1099 „inter“,
1219 1017 1336 1099 agitur:
1353 1031 1436 1081 'nam

164 1125 307 1192 conditio
341 1127 513 1194 vocabulis
544 1126 732 1213 abstractis
755 1144 820 1192 nou
844 1127 1007 1192 concretis
1031 1124 1171 1207 exprimi
1195 1122 1291 1189 solet.
1395 1117 1397 1124 ’

206 1231 243 1296 Ρ.
268 1235 331 1296 387
355 1237 451 1298 τοῦτο
488 1236 529 1313 μὴ
564 1237 691 1313 φαῦλον
723 1234 861 1313 νομίζων
884 1233 919 1298 έν
941 1232 1077 1317 τοιούτῳ
1112 1233 1279 1312 πράγματι,
1302 1236 1325 1295 i.
1350 1247 1378 1294 e.
1402 1231 1437 1295 ἐν
1526 1309 1528 1313 ι

162 1344 205 1422 τῷ
229 1341 339 1417 λαβεῖν
361 1340 420 1417 τὴν
443 1339 572 1418 εἰρήνην
611 1337 759 1422 (Sahal).
795 1341 859 1402 439
884 1339 919 1403 έν
942 1339 1049 1421 εἰρήνῃ
1092 1341 1253 1414 διαγαγεῖν
1276 1339 1334 1403 τὸν
1358 1337 1437 1416 βίον.

162 1445 227 1509 642
252 1445 312 1510 κάν
334 1447 431 1532 φόβῳ
454 1448 625 1527 καθημένη.

202 1551 241 1617 L.
267 1556 332 1618 959
357 1554 392 1619 ἐν
415 1557 746 1639 δεινῷ-ὢν-κακῷ.
865 1571 868 1576 ·

202 1659 264 1725 Εο.
289 1665 354 1725 519
380 1661 444 1726 ἐκεῖ
483 1684 534 1743 μοι
573 1664 607 1728 ἐν
643 1669 689 1744 τῷ
729 1661 859 1746 θορύβῳ
896 1665 947 1729 καὶ
984 1665 1053 1740 τοῖς
1077 1664 1195 1739 δεινοῖς
1219 1658 1437 1736 ἀνδρειόταται

157 1769 352 1846 salmosa·

203 1872 253 1938 Pl.
278 1876 456 1938 399-400
488 1873 549 1939 οὐκ
581 1876 649 1940 ἔστι
682 1898 733 1940 πω
765 1879 805 1943 τὰ
826 1872 982 1956 πράγματ’
1008 1876 1043 1940 έν
1065 1871 1252 1956 τούτῳ-ἐν
1274 1877 1318 1952 τῷ
1343 1890 1436 1948 μετα·

163 1982 287 2060 δοῦναι,
310 1978 370 2046 ubi
392 1981 428 2046 ἐν
451 1987 495 2063 τῷ
520 2003 550 2060 μ.
573 1999 635 2064 pro
659 1999 699 2047 eo
723 1983 810 2064 quod
827 1983 867 2048 ¹in
889 1981 984 2048 libris
1005 1979 1124 2064 legitur
1148 1978 1188 2044 οὐ
1212 1985 1259 2064 τῳ
1273 1995 1336 2057 με
1361 1993 1437 2041 con·

162 2087 290 2153 iectura
324 2086 513 2170 Bambergii
536 2087 647 2172 (1869,
672 2108 703 2171 ρ.
728 2089 786 2172 41)
808 2089 970 2155 Velsenus
1008 2089 1041 2154 in
1077 2086 1261 2168 exemplum
1298 2083 1434 2166 recepit.

162 2191 298 2257 Sensus:
324 2208 400 2272 „res
434 2193 576 2258 nondum
601 2194 700 2259 ineo
725 2202 786 2272 est,
809 2200 847 2258 nt
870 2193 985 2260 amicis
1021 2192 1103 2258 meis
1131 2191 1171 2258 de
1194 2189 1291 2254 Pluto
1315 2188 1436 2271 imper·

161 2299 225 2365 tire
247 2299 409 2381 possint

203 2405 328 2470 Eodem
346 2407 496 2489 pertinet
510 2407 636 2472 locutio
659 2409 695 2473 ἐν
720 2409 792 2494 (τῷ)
810 2411 928 2496 σκότῳ,
953 2427 1036 2492 quae
1051 2407 1144 2473 hisee
1160 2406 1244 2472 loeis
1261 2404 1437 2470 invenitur:

206 2513 244 2576 A.
272 2515 358 2578 1169
383 2513 419 2578 έν
443 2529 475 2581 σ.
501 2515 785 2593 λάβοι-πέλεθον.

203 2618 242 2682 V.
268 2619 333 2684 256
357 2619 461 2705 ἐντῷ
486 2636 519 2685 σ.
539 2624 668 2687 τουτουὶ
690 2623 865 2702 στερηθείς.
898 2627 960 2687 275
985 2619 1167 2702 προσέκοψ’
1194 2621 1296 2702 ἐντῷ
1320 2635 1353 2684 σ.
1377 2617 1435 2680 τόν

165 2725 330 2807 δάκτυλον,
354 2726 442 2808 quod
466 2747 484 2792 e
507 2728 683 2794 verissima
706 2730 836 2796 Bentloi
861 2732 1052 2796 coniectura
1076 2746 1136 2815 pro
1160 2729 1367 2806 προσέκοψεν
1389 2729 1434 2805 τῷ

163 2832 266 2917 σκότῳ
292 2833 443 2898 codicum
469 2833 587 2900 editur.
613 2840 673 2901 911
702 2835 868 2917 κάνέπλητ’
894 2839 996 2922 ἐντῷ
1020 2854 1054 2908 o.

202 2936 239 3002 P.
265 2941 327 3002 691
355 2940 575 3020 ἐψηλαφῶμεν
597 2944 633 3009 ἐν
657 2959 689 3008 σ.
715 2947 755 3008 τὰ
778 2947 957 3025 πράγματα.

200 3042 239 3106 L.
265 3047 282 3105 7
289 3047 307 3106 2
333 3045 569 3124 μόλις-ηὗρον
591 3048 626 3113 έν
649 3063 681 3111 σ.
704 3049 741 3112 τὸ
765 3051 890 3115 Ζώνιον.

201 3151 260 3217 Eo.
286 3156 352 3217 314
374 3156 432 3232 τὰς
456 3155 596 3234 ἐμβάδας
619 3160 724 3234 ζητῶν
746 3160 857 3235 λαβεῖν
881 3159 985 3242 ἐντῷ
1009 3173 1041 3222 σ.
1065 3161 1129 3221 315
1154 3157 1189 3220 ἐν
1208 3159 1253 3238 τῳ
1270 3146 1434 3218 σ.-τοῦτ’

161 3259 441 3340 ἔτυχονὲλαβών.
509 3307 510 3312 1

204 3367 236 3450 4)
260 3365 425 3433 Similiter
449 3368 484 3433 ἐν
507 3369 547 3433 de
569 3369 702 3451 nepotio
726 3369 858 3448 dicitur,
882 3371 915 3435 in
936 3388 1001 3453 quo
1020 3371 1093 3452 quis
1112 3377 1294 3452 occupatus
1311 3373 1361 3432 est
1377 3365 1391 3449 (
1410 3365 1435 3449 )‚

160 3473 357 3555 omninoque
369 3473 409 3538 de
422 3475 556 3557 negotio
569 3474 700 3556 ludere,
715 3479 770 3559 qui
786 3478 862 3543 dum
878 3476 928 3557 iit,
944 3477 1035 3543 aliud
1047 3478 1215 3561 quidpiam
1232 3477 1346 3541 eodem
1358 3473 1435 3539 loeo

157 3579 295 3661 geritur,
321 3585 358 3645 ut
381 3581 466 3646 duae
491 3580 639 3648 notiones
662 3584 715 3648 vel
739 3586 945 3652 conditiones
971 3589 1006 3653 in
1022 3587 1108 3652 idem
1130 3583 1289 3669 temporis
1303 3582 1435 3664 locique

159 3687 303 3768 spatium
327 3687 483 3770 incidanq
507 3691 540 3755 in
565 3707 662 3772 quam
686 3691 848 3758 rationem
873 3695 994 3761 eadunt
1018 3693 1175 3771 convivia,
1210 3709 1314 3770 saara,
1337 3689 1433 3764 bella,

158 3793 285 3874 proelia
308 3793 439 3876 elinque
463 3796 585 3862 similia
609 3796 668 3881 (b).

201 3900 234 3984 a)
258 3899 307 3966 4ο
328 3902 454 3984 prioris
479 3905 611 3985 quidem
635 3905 765 3988 generis
789 3925 890 3972 unum
922 3909 1104 3992 exemplum
1129 3925 1169 3973 ex
1192 3909 1246 3972 Ar.
1273 3906 1387 3972 habeo·

201 4005 240 4068 V.
265 4009 328 4070 682
353 4009 389 4073 ἐν
412 4007 525 4088 ἀρχαῖς
548 4011 628 4077 εῖναι
651 4016 888 4097 „magistratus
919 4017 1068 4100 gerere“.

200 4112 233 4196 b)
258 4113 405 4180 Alterius
428 4117 560 4198 generis
583 4121 665 4185 haec
689 4128 774 4188 suut:

201 4219 239 4285 Α.
257 4225 321 4286 013
339 4228 372 4288 et
389 4231 446 4287 Av.
465 4227 506 4288 30
519 4226 550 4289 οἱ
565 4230 723 4308 παρόντες
739 4231 775 4298 ἐν
791 4232 877 4315 λόγῳ
895 4233 968 4317 „qni
986 4233 1128 4300 orationi
1142 4232 1221 4298 hnio
1236 4229 1431 4297 intersunt“.

202 4326 240 4390 N.
267 4333 330 4394 304
365 4333 567 4412 μυστοδόκος
602 4336 702 4415 δόμος
735 4341 770 4406 έν
804 4343 944 4418 τελεταῖς
977 4342 1079 4419 ἁγίαις
1114 4341 1340 4416 ἀναδείκνυται,
1376 4337 1432 4402 ubi

160 4432 270 4501 schol:
294 4438 329 4501 ἐν
351 4441 588 4518 τελεσιουργίας
619 4439 820 4523 ὁσιωτάταις,
851 4448 999 4514 τουτέστι
1032 4452 1101 4526 τοῖς
1137 4448 1331 4527 μυστηρίοις.
1369 4451 1432 4514 349

162 4539 241 4608 εἶναι
264 4547 391 4622 κομψόν
414 4546 448 4612 έν
472 4549 640 4632 συνουσίᾳ.
660 4553 745 4620 1040
761 4555 865 4618 τοῖσιν
889 4537 1002 4635 νόμοις
1026 4557 1062 4620 ἐν
1085 4558 1155 4634 ταῖς
1180 4555 1280 4636 δίκαις
1294 4552 1431 4622 τάναντί’
