3328 5370
651 537 689 548 ,,.
718 503 826 563 63...

138 669 173 747 2)
200 667 261 733 ubi
286 668 383 732 verbo
410 665 559 733 omnibus
585 667 667 734 locis
692 671 727 733 ἐν
758 669 966 736 subiunctum
992 673 1055 736 est:

137 775 346 841 lordono
370 776 406 844 Α.
433 777 496 840 228
520 779 633 854 στήσω
658 775 693 841 ἐν
715 776 847 861 τάγορᾷ.
884 777 921 846 Fr.
958 779 1021 841 267
1057 778 1093 843 ἐν
1125 778 1215 843 πόλει
1247 777 1373 843 ἱστάναι

96 887 264 963 μνημεῖον.
288 881 326 948 N.
351 885 412 947 211
439 884 474 948 ἐν
497 882 610 961 κήποις
631 883 743 948 ἵστατε
766 886 876 964 χορόν.
900 883 936 954 Ρ.
964 888 1049 950 1249
1072 885 1111 949 τὰ
1134 881 1205 949 σῦκ’
1229 885 1264 950 ἐν
1285 885 1372 967 ἀγρῷ

94 991 234 1057 ἱστάναι.
259 991 319 1054 Αν.
345 992 407 1054 620
432 991 467 1056 ἐν
489 994 595 1056 ταῖσιν
618 992 771 1071 κομάροις
794 993 938 1070 στάντες.

686 1386 719 1497 12
758 1388 794 1452 Σ.

142 1633 192 1700 De
216 1637 263 1714 ὡς
286 1639 543 1722 praepositionis
567 1639 654 1722 apud
676 1642 733 1706 Ar.
758 1659 820 1706 usu
843 1639 1036 1706 doctissime
1061 1641 1291 1706 Bachmunnus
1310 1641 1375 1708 dis-

99 1742 229 1819 putavit
253 1741 345 1810 Ocni.
379 1764 433 1829 pp.
460 1752 655 1812 113-116
692 1753 726 1814 et
763 1747 847 1814 Phil.
875 1747 902 1811 v
927 1747 1049 1830 suppl,
1086 1766 1105 1830 p
1154 1751 1228 1813 241.
1263 1747 1375 1832 Neque

100 1849 185 1914 male
208 1849 246 1920 Τ.
271 1851 494 1920 Mommsenus
519 1855 686 1938 (lleitriige
716 1875 756 1921 zu
792 1857 821 1919 d.
858 1855 963 1920 Lchre
997 1872 1060 1921 von
1097 1855 1159 1920 den
1194 1875 1242 1939 gr.
1276 1855 1374 1938 Prtp.

101 1957 198 2041 1886,
222 1976 254 2038 p.
282 1959 338 2042 53)
362 1977 401 2050 ex
426 1979 478 2041 eo,
501 1963 586 2045 quod
611 1963 644 2027 in
667 1967 737 2028 tota
760 1962 852 2044 poesi
889 1961 1089 2027 Graecorum
1130 1979 1294 2045 nunquam
1331 1963 1376 2040 ῶς

99 2065 305 2147 praepositio
322 2067 497 2150 inponitur,
514 2067 578 2135 nisi
595 2070 679 2151 apud
698 2069 843 2134 comicos
857 2073 890 2132 et
902 2066 1098 2151 Sophoclem
1117 2067 1375 2150 Euripidemque

100 2170 170 2252 (qui
195 2177 304 2238 tumen
332 2195 402 2239 eum
428 2177 599 2244 rarissimo
623 2177 769 2260 hubent),
794 2175 931 2257 colligit,
957 2176 1040 2241 hanc
1064 2175 1261 2258 particulam
1288 2193 1376 2240 eom-

103 2279 210 2345 munis
235 2283 396 2348 sermonis
420 2286 586 2367 proprium
611 2285 725 2352 luisse.

145 2388 293 2454 Pendere
318 2393 403 2456 solet
426 2393 472 2472 ὡς
496 2409 534 2456 ex
559 2391 668 2458 verbis
692 2390 844 2458 movendi
867 2390 983 2474 iisque,
1012 2390 1048 2454 in
1083 2391 1202 2474 quihus
1227 2391 1377 2475 movendi

103 2499 191 2564 notio
215 2500 328 2576 latent,
343 2505 379 2564 ut
401 2505 518 2566 καλεῖν.
539 2500 733 2582 Adiungitur
750 2517 883 2582 semper
897 2498 1059 2582 personis,
1075 2517 1241 2582 nunquam
1266 2499 1374 2578 rebus3

103 2623 232 2687 semper
255 2605 376 2672 dicitur
399 2599 535 2690 proprio
558 2607 655 2672 locali
681 2624 780 2673 sensu
803 2606 900 2689 („ed“
928 2605 1028 2688 ,κρῆ
1052 2605 1150 2688 idque
1173 2605 1299 2689 duplici
1323 2626 1375 2671 ru-

102 2711 201 2779 tione:
225 2717 284 2778 aut
307 2713 504 2795 simpliciter
536 2714 679 2796 aliquem
712 2711 753 2777 ed
787 2712 888 2778 ulium
923 2710 1081 2776 accedere
1116 2708 1280 2793 significat
1312 2709 1373 2794 (1),

103 2819 326 2903 autaliquem
349 2822 482 2886 domum
505 2820 645 2886 alicuius
669 2819 753 2885 inire
776 2819 902 2887 indicat
925 2817 939 2903 (
961 2820 986 2902 l.

149 2929 181 3012 1)
206 2929 242 2993 Α.
269 2932 310 2993 65
334 2926 489 3009 ἐπέμψαθ’
512 2929 595 3007 ἡμᾶς
624 2929 669 3006 ὡς
694 2931 837 3008 βασιλέα,
865 2931 928 2993 ott
953 2926 1117 3003 ἐλθὲ-ὼς
1141 2925 1205 3004 ἐμέ.
1225 2925 1310 2989 1224
1329 2925 1374 3003 ὡς

103 3038 178 3113 τοὺς
200 3038 307 3116 κριτάς
330 3031 359 3114 μ’
384 3038 543 3116 ἐκφέρετε.

148 3143 187 3206 Ε.
212 3147 273 3211 501
301 3145 346 3222 ὡς
369 3144 453 3224 ἡμᾶς
477 3144 590 3221 ἔλθοις.
618 3145 703 3207 1196
727 3143 773 3220 ὥς
798 3141 846 3221 ἔμ’
868 3142 1023 3222 ἔρχονται.

147 3249 271 3316 16237
298 3250 540 3330 κατάβηθ’-ὡς
564 3251 628 3328 ἐμέ.
655 3253 739 3313 1163
766 3250 806 3314 ὃν
830 3249 1061 3325 κάλεσον-ὡς
1085 3249 1149 3327 ἐμέ.
1204 3300 1209 3307 .

147 3357 187 3423 V.
212 3363 276 3422 815
301 3361 328 3422 ri
352 3361 409 3423 τὸν
432 3357 521 3437 ὄρνιν
545 3359 589 3435 ὡς
614 3353 663 3435 ἔμ’
687 3358 883 3435 ἐξηνέγκατε;

148 3464 182 3528 P.
209 3470 271 3528 104
295 3467 340 3544 ὼς
364 3468 421 3530 τὸν
443 3467 507 3530 Δία
531 3463 718 3549 (πέτεσθαι).

148 3573 204 3642 Αν.
231 3575 295 3638 317
319 3573 458 3654 ἀφῖχθον
482 3575 527 3651 ὡς
551 3575 615 3652 ἐμέ.
644 3578 708 3636 754
733 3573 779 3649 ὡς
802 3569 885 3650 ἡμᾶς
907 3571 976 3638 ἴτω,
1004 3572 1089 3633 1518
1115 3569 1191 3633 οὐδὲ
1208 3573 1302 3636 κνῖσα
1318 3592 1374 3650 μη-

109 3680 181 3755 ρίων
204 3681 268 3745 ἄπο
292 3681 429 3759 ἀνῆλθεν
452 3681 497 3758 ὡς
520 3679 604 3758 ἡμᾶς
625 3682 684 3762 (-.-.·
695 3680 771 3755 τοὺς
805 3677 922 3755 θεούς).
958 3674 1093 3739 Buchm.
1122 3693 1154 3758 p.
1182 3678 1242 3739 116
1266 3681 1375 3759 negat,

110 3787 231 3852 Atticos
256 3772 397 3868 unquum
424 3789 469 3865 ὡς
493 3786 532 3851 de
555 3805 592 3850 re
615 3786 656 3850 ud
679 3786 765 3866 ulqm
788 3785 1001 3866 perveniente
1025 3781 1158 3860 dixisse,
1176 3799 1313 3866 eamque
1334 3783 1374 3848 ob

110 3909 246 3972 causam,
272 3895 346 3960 coll.
373 3893 407 3957 P.
435 3895 509 3958 128.
536 3897 608 3960 130.
637 3896 711 3955 132.
735 3895 794 3957 Αν.
821 3895 895 3973 843,
920 3892 965 3970 εἰς
988 3891 1071 3970 ἡμᾶς
1095 3891 1225 3957 conicit.
1251 3887 1311 3955 Sed
1333 3909 1374 3954 ne

109 4000 149 4066 sit
170 4001 334 4067 medicine
357 4003 470 4066 morbo
495 4001 638 4088 gravior.
663 4001 745 4064 Nam
770 4017 849 4065 cum·
864 4000 909 4078 ὡς
934 4017 952 4062 α
971 3999 1080 4063 κακοῖο
1097 3999 1208 4076 eundi,
1222 3997 1375 4064 veniendi

109 4111 176 4175 sim.
199 4113 344 4195 pendere
371 4116 485 4191 soleat,
511 4109 590 4175 nihil
614 4110 743 4184 mirum,
769 4107 797 4172 si
822 4109 862 4172 de
886 4106 1037 4188 personis
1071 4105 1137 4171 lere
1162 4105 1291 4182 diuitum
1315 4126 1374 4172 nec

110 4221 211 4284 tamen
235 4220 341 4300 video,
368 4237 426 4283 cur
451 4220 490 4282 de
515 4237 550 4281 re
575 4217 639 4282 dici
667 4235 728 4280 nou
770 4197 884 4296 possit.
920 4213 1117 4280 Buchuronni
1153 4220 1260 4279 auteur
1298 4231 1375 4278 con-

110 4323 233 4393 iectura
255 4329 306 4393 vel
331 4346 369 4392 eo
394 4325 619 4408 improbabilis
638 4328 697 4403 est,
715 4322 809 4405 quod,
834 4325 874 4385 ut
896 4322 931 4386 ἐν
955 4325 1040 4399 θεοῖς
1064 4319 1173 4399 „luter
1198 4320 1294 4384 deos“
1321 4319 1374 4382 vix

111 4441 199 4502 κνῖσα
222 4435 348 4502 versari
371 4435 432 4500 dici
458 4437 576 4515 potest,
602 4433 647 4496 ita
679 4450 743 4496 non
776 4429 879 4512 magis
915 4429 959 4507 εἰς
994 4429 1089 4505 θεοὺς
1120 4428 1263 4493 ἀνελθεῖν
1298 4443 1372 4490 eam

114 4559 301 4626 quemqnam
327 4543 489 4606 dicturum
514 4539 738 4622 putu-1647
767 4539 812 4616 ὼς
837 4531 884 4613 ἔμ’
911 4536 1137 4615 ἀποχώρησον.

152 4647 186 4713 L.
213 4653 276 4715 746
301 4649 331 4730 μ’
356 4654 401 4729 ὡς
424 4652 481 4727 τὴν
505 4646 848 4728 μαῖαν-ἀπόπεμψον.
874 4645 937 4706 829
961 4641 1098 4719 ἴτε-ὼς
1122 4642 1186 4719 ἐμέ.
