3326 5372
705 471 897 536 ..207-

216 639 253 706 N.
279 644 344 708 994
367 643 437 720 περὶ
459 641 535 720 τοὺς
559 642 681 706 σαυτοῦ
706 641 823 718 γονέας
847 642 1061 717 σκαιουργεῖν.

216 746 259 812 V.
285 750 371 814 1318
395 751 649 834 κωμῳδολοιχῶν
671 749 743 824 περὶ
765 747 823 812 τὸν
846 745 880 812 εὖ
903 740 1070 826 πράττοντ’
1095 745 1154 812 ἀεί.

217 854 275 922 Th.
299 858 362 920 306
387 854 520 934 ὁρῶσαν
542 856 582 920 τὰ
606 855 750 934 βέλτιστα
772 857 843 933 περὶ
865 855 922 919 τὸν
945 858 1046 933 δῆμον
1083 855 1140 918 τόν
1176 850 1358 932 Ἀθηναίων
1395 856 1449 919 καὶ

170 964 230 1030 τὸν
250 967 315 1030 τῶν
338 967 507 1048 γυναικῶν.

216 1083 256 1150 R.
279 1089 345 1150 458
369 1083 684 1166 εὐσεβῆ-διήγομεν
701 1084 821 1163 τρόπον
844 1086 914 1162 περὶ
925 1085 1006 1162 ’τούς
1021 1084 1134 1161 ξένους
1150 1085 1201 1148 καὶ
1215 1085 1292 1162 τοὺς
1309 1085 1447 1160 ἰδιώτας.

216 1207 265 1274 Pl.
291 1214 355 1275 568
378 1212 449 1288 περὶ
468 1211 525 1274 τὸν
549 1213 650 1287 δῆμον
674 1210 724 1273 καὶ
746 1209 804 1287 τὴν
826 1208 919 1273 πόλιν
943 1207 1003 1273 eloi
1026 1207 1148 1272 δίκαιοι.

217 1331 272 1398 IV.
295 1331 423 1398 Eadem
446 1332 652 1416 praepositio
676 1333 842 1397 interdum
868 1331 907 1396 ab
935 1329 1055 1396 Atticis
1092 1330 1137 1398 ibi
1176 1333 1277 1400 etiam
1311 1333 1444 1412 dicitur,

173 1440 231 1508 ubi
255 1441 347 1509 eolus
370 1438 542 1524 genetivus
558 1437 712 1504 usitatior
730 1441 843 1519 estut
858 1437 892 1502 in
907 1437 965 1503 illo
983 1435 1130 1504 Platonis
1153 1437 1304 1522 (Phaedr.
1324 1439 1386 1503 279
1406 1440 1447 1525 Α)

171 1547 251 1626 τοὺς
272 1549 343 1625 περὶ
366 1547 487 1612 Λυσίαν
522 1547 640 1624 λόγους
675 1544 811 1628 „Lysiae
849 1545 1050 1610 orationes“.
1085 1543 1192 1610 Huius
1227 1563 1307 1610 usus
1343 1565 1444 1611 unum

171 1654 355 1735 exemplum
379 1653 466 1734 apud
491 1653 547 1718 Ar.
572 1669 701 1736 quoque
732 1651 767 1717 in
799 1650 938 1718 barbaro
968 1649 1107 1736 Scythae
1143 1669 1297 1724 sermone
1330 1651 1444 1718 videor

172 1759 254 1826 mini
277 1758 457 1827 invenisset

219 1879 277 1946 Th.
304 1885 388 1948 1188
413 1885 491 1964 καλὴ
515 1885 552 1949 τὸ
577 1887 685 1963 σκῆμα
707 1887 779 1963 περὶ
812 1885 849 1949 τὸ
875 1884 1011 1949 πόστιον
1037 1882 1196 1967 „pulchra
1232 1889 1284 1950 est
1315 1882 1445 1965 species

173 1988 274 2056 huius
296 1990 495 2057 mentulae‘.

444 2255 480 2323 0.
510 2259 633 2338 Περί,
670 2275 699 2323 c.
734 2258 822 2324 dat.
859 2217 1180 2341 coniunctum,

172 2472 458 2554 qninquetantum
471 2469 556 2537 locis
571 2468 748 2551 invenitur,
772 2482 912 2550 quorum
926 2485 1011 2537 unus
1029 2468 1082 2550 (R.
1107 2470 1186 2551 323)
1210 2469 1244 2535 in
1268 2470 1361 2536 chori
1375 2487 1446 2536 car·

176 2579 276 2659 mine,
296 2597 381 2644 nnus
406 2577 459 2660 (E.
486 2578 583 2659 1039)
605 2577 638 2641 in
663 2576 808 2655 oraculo,
823 2576 926 2641 heroo
949 2593 1048 2642 versu
1064 2573 1258 2656 composito,
1283 2593 1368 2642 unus
1396 2576 1445 2660 (L.

178 2684 277 2769 1013)
294 2685 330 2749 in
345 2683 545 2766 anapaestis,
563 2682 683 2764 reliqui
696 2682 760 2746 duo
774 2680 826 2764 (E.
841 2685 882 2746 21
897 2687 930 2747 et
941 2680 978 2746 P.
991 2680 1070 2762 905)
1082 2683 1117 2746 in
1131 2682 1269 2748 senariis
1282 2682 1446 2766 leguntur.

176 2793 264 2858 Hinc
287 2796 434 2873 apparet,
459 2790 556 2856 huius
579 2788 839 2871 praepositionis
863 2806 971 2867 usum,
994 2805 1067 2852 cum
1102 2787 1214 2853 dativo
1238 2790 1444 2873 coniunctae,

176 2898 260 2980 apud
281 2902 397 2979 poetas
428 2894 743 2978 frequentissimum,
778 2893 812 2958 in
847 2893 1033 2958 Atticorum
1067 2911 1217 2959 sermone
1253 2894 1443 2976 quotidiano

177 3004 328 3089 angustis
351 3003 524 3068 admodum
546 3000 667 3067 linibus
698 3000 987 3083 circumscriptum
1010 2998 1123 3079 fuisse,
1147 3017 1220 3066 cum
1252 3001 1445 3085 plerumque

175 3111 249 3176 eius
273 3110 344 3177 vice
366 3111 448 3189 περί,
472 3128 502 3174 ο.
524 3128 598 3192 gen.
622 3114 679 3174 aut
702 3125 771 3173 acc.
797 3107 1019 3187 coniunctum,
1043 3105 1245 3189 iungeretur.
1273 3109 1368 3189 Apud
1390 3110 1447 3178 Ar.

177 3217 282 3304 igitur
305 3213 389 3282 haec
413 3216 561 3298 exempla
587 3213 812 3280 inveniuntur:

221 3337 261 3401 E.
287 3342 327 3404 27
351 3342 422 3417 περὶ
444 3346 489 3424 τῷ
512 3341 640 3418 δέρματι
663 3339 792 3402 δέδοικα
815 3339 942 3402 τουτονὶ
956 3337 1014 3401 τὸν
1028 3336 1155 3403 οἰωνόν.
1173 3334 1222 3401 01.
1238 3355 1322 3419 quae
1346 3355 1446 3420 supra

175 3446 318 3512 diximus
342 3464 374 3527 p.
401 3449 609 3511 199.-1039
633 3448 705 3523 περὶ
730 3444 899 3523 σκύμνοισι
935 3443 1087 3523 βεβηκώς,
1126 3461 1209 3524 quae
1245 3445 1447 3510 constructio

175 3555 217 3619 ab
241 3554 387 3619 Homero
411 3554 516 3634 petita
537 3557 599 3620 est
618 3553 656 3617 In
681 3553 791 3618 soluta
815 3551 965 3618 oratione
992 3549 1073 3615 talia
1095 3551 1256 3633 genetivo,
1281 3569 1353 3618 enm
1378 3553 1448 3630 περί

175 3663 229 3728 vel
251 3663 330 3740 ὑπέρ
355 3662 544 3740 coniuncto,
567 3661 707 3742 exprimi
731 3660 848 3726 solent.

220 3785 257 3851 P.
283 3789 347 3850 905
369 3789 440 3864 περὶ
462 3789 547 3850 ταῖσι
570 3775 767 3865 καμπαῖς-
785 3785 999 3864 πεπτωκότες.
1023 3782 1070 3852 cf.
1093 3803 1178 3866 qnae
1203 3803 1305 3866 supra
1327 3802 1356 3867 p.
1385 3785 1449 3850 208

175 3895 342 3976 disputata
366 3900 451 3960 sunt.

221 4017 256 4083 L.
284 4019 368 4082 1013
394 4018 502 4095 ὥσπερ
525 4018 842 4097 χοιροκομεῖονπερὶ
864 4020 933 4094 τοῖς
953 4018 1103 4095 μηροῖσιν
1120 4015 1256 4096 ἔχοντες,
1273 4014 1329 4079 ubi
1346 4013 1449 4081 multo

178 4125 333 4191 usitatior
357 4130 447 4190 esset
470 4125 689 4190 accusativus.
715 4122 800 4190 Vide
822 4121 925 4201 locos,
950 4120 984 4185 in
1009 4120 1127 4202 quibus
1153 4121 1193 4186 de
1217 4123 1309 4186 veste
1325 4119 1449 4206 agitur,

178 4248 260 4313 quos
283 4249 315 4313 p.
330 4232 393 4294 205
410 4231 611 4314 collegimus.

221 4355 258 4418 R.
283 4359 345 4420 329
369 4357 440 4435 περὶ
462 4357 550 4432 κρατὶ
560 4361 610 4438 σῷ
624 4355 764 4434 βρύοντα
788 4353 965 4434 στέφανον.
982 4349 1062 4418 Vide
1082 4368 1114 4433 p.
1131 4349 1196 4415 205
1210 4348 1335 4414 etElur.
1361 4346 1451 4432 Cycl.

183 4462 245 4526 518
270 4461 443 4539 στεφάνων
466 4455 494 4526 δ’
519 4459 559 4523 οὐ
583 4461 637 4539 μία
659 4462 752 4540 χροιὰ
774 4460 845 4536 περὶ
869 4460 932 4525 σὸν
954 4462 1054 4538 κρᾶτα
1076 4453 1144 4535 τάχ’
1175 4455 1360 4534 ἐξομιλήσει.
