3298 5368
775 487 975 548 -118-

241 671 246 688 ¹
287 653 332 718 .Ῥ.·
353 651 437 718 1232
460 653 535 731 διεὶς
557 657 616 732 τὴν
638 656 728 734 χεῖρα
748 655 803 716 ’διὰ
825 657 882 730 τῆς
896 725 899 732 ι
913 657 1094 731 θαλαμιᾶς.

290 763 347 826 Αν.
375 742 436 826 182
475 761 720 840 ὅτι-διέρχεται
752 760 883 824 ἅπαντα
910 762 961 825 διά
994 761 1120 834 τούτου,
1146 764 1284 828 καλειται
1320 762 1379 828 νῦν
1400 759 1518 836 πόλος.

241 865 339 932 Hune
362 884 493 931 versum
510 889 513 894 ·
528 866 626 931 Mein.
650 866 684 930 iu
704 865 863 938 editione,
889 865 1050 931 Cobetum
1086 876 1232 946 secutur,
1256 863 1460 950 suspectavit
1483 869 1519 928 et
1555 936 1557 942 ,

241 974 285 1040 ad
320 973 499 1055 marginem
534 973 661 1050 reiecit,
695 977 810 1053 postea
845 972 876 1036 iu
915 972 1012 1038 Vind.
1046 991 1078 1054 p.
1104 975 1157 1048 66,
1182 973 1347 1038 sententia
1378 976 1517 1050 mutam,

243 1077 465 1143 revocandum
488 1082 561 1142 e'sse
586 1077 724 1148 tensuit.
749 1076 904 1142 Ceterum
930 1096 989 1158 pro
1013 1079 1065 1142 διά
1088 1077 1191 1142 ταῦτά
1208 1097 1252 1152 γε,
1275 1077 1362 1157 ,quod
1388 1077 1422 1140 iu
1448 1074 1517 1137 vul·

131 1217 140 1256 ,·
243 1191 319 1267 gata
356 1184 509 1248 tentione*
532 1185 572 1247 ad
606 1183 777 1264 sequeutia
809 1183 1030 1260 referebatur,
1056 1183 1219 1264 Bergkius
1250 1190 1341 1248 recte
1368 1180 1518 1262 reposuit

244 1293 295 1355 διὰ
330 1291 456 1370 τούτου,
481 1291 566 1371 quod
592 1311 609 1355 e
633 1292 785 1369 διέρχεται
820 1290 959 1371 pendet·
983 1291 1066 1356 Nam
1089 1309 1108 1354 a
1134 1290 1327 1356 melioribus
1362 1289 1458 1354 libris
1482 1288 1520 1362 γέ

244 1395 338 1461 ibest
355 1395 571 1477 *auditumque
587 1396 630 1462 in
653 1396 873 1462 deterioribus
887 1405 947 1471 est,
965 1401 1021 1476 „ut
1037 1413 1253 1460 numerorum
1270 1395 1422 1460 domuum
1449 1413 1520 1458 sar·

243 1502 379 1569 citetur.
403 1503 484 1566 Nam
509 1521 549 1568 ue
574 1522 611 1568 ea
635 1503 765 1585 quidem
791 1522 874 1584 quae
892 1503 1042 1569 Dobraeo
1067 1503 1101 1568 ια
1125 1507 1267 1568 mentem
1284 1500 1521 1578 veneruntne

243 1610 404 1675 ronti-vel
428 1613 479 1676 διὰ
502 1611 540 1689 δὴ
564 1614 660 1674 τοῦτο
685 1613 821 1676 καλεῖται
844 1613 902 1676 νῦν
926 1612 1036 1689 πόλος,
1060 1611 1194 1692 probari
1217 1615 1369 1691 possunt.
1384 1606 1518 1674 Etenim

244 1733 345 1798 quem
367 1717 469 1782 πάλον
494 1717 701 1784 Pithetaerus
729 1717 810 1782 dicit
834 1719 960 1782 eaelum
979 1725 1030 1783 est
1043 1719 1111 1782 sive
1133 1735 1189 1782 aer
1205 1734 1312 1798 noque
1329 1715 1397 1780 ullo
1417 1713 1520 1806 modo

243 1823 310 1888 dici
332 1828 444 1905 potest
467 1827 645 1905 διέρχεσθαι
669 1825 811 1890 ἅπανταιι
838 1823 974 1908 (Haupt.
1000 1823 1123 1906 opusc.
1149 1844 1178 1888 ν.
1203 1823 1246 1902 ΙΙ,
1262 1841 1293 1904 p.
1312 1823 1402 1904 263).
1416 1821 1521 1885 Prae·

187 1911 191 1919 ¹
244 1934 337 1994 terea
360 1929 508 2012 dactylus
534 1931 690 1999 intortio
714 1933 799 2014 pede
823 1933 869 1996 ιιιι
892 1933 1018 1999 incisus
1041 1934 1094 1998 vix
1125 1934 1278 1998 ferendus
1303 1939 1364 2005 est,
1389 1949 1454 2013 qua
1478 1930 1519 2000 de

243 2054 280 2101 re
316 2037 449 2101 consule
485 2037 692 2120 Rumpelium
730 2039 907 2122 (Philologi
939 2060 969 2104 v.
1004 2039 1332 2122 xxv111,p.soa).
1372 2037 1519 2118 „Contra

245 2142 464 2210 rectissimum
499 2151 551 2210 est
585 2146 671 2226 quod
704 2145 906 2228 Bergkius
898 2147 1055 2213 invenit...
1086 2150 1193 2230 Atque
1216 2147 1308 2213 hoe
1300 2165 1409 2228 1psum
1434 2144 1521 2230 legit

244 2269 282 2314 ve
286 2257 338 2315 us
373 2250 560 2332 interpres
591 2259 652 2319 etc.
682 2253 818 2336 (Haupt
844 2253 1102 2333 ibidem-192
1127 2257 1178 2319 διὰ
1207 2259 1265 2332 τῆς
1299 2253 1429 2330 πόλεως
1461 2256 1520 2328 τῆς
1622 2327 1625 2336 Δ

243 2357 411 2435 ἀλλοτρίας
445 2361 496 2422 καὶ
529 2363 585 2422 τοῦ
618 2358 746 2444 χάουςΙ
765 2367 830 2426 τῶν
862 2363 982 2441 μηρίων
1017 2363 1074 2440 τὴν
1107 2365 1221 2427 κνῖσαν
1245 2361 1284 2425 οὐ
1310 2362 1518 2439 διαφρήσετε,

244 2479 340 2544 quem
365 2483 495 2529 versum
529 2466 678 2546 spurium
714 2486 786 2532 esse
811 2477 843 2533 et
866 2487 884 2532 e
908 2487 940 2532 v:
968 2471 1050 2532 1218
1075 2470 1253 2549 repetitum
1277 2474 1367 2532 recte
1392 2466 1517 2532 iudiea-

243 2571 292 2632 vit
325 2569 517 2652 Lentiugius
546 2570 589 2654 (v.
613 2572 787 2656 Rhytion).
825 2578 888 2640 215
912 2580 1010 2654 χωρεῖ
1042 2577 1093 2640 διὰ
1128 2577 1336 2654 φυλλοκόμου
1361 2577 1517 2652 σμίλακος

244 2677 322 2755 ἠχώι
359 2680 423 2740 219
448 2680 499 2744 διὰ
522 2676 550 2741 δ’
575 2679 744 2745 ἀθανάτων
780 2683 948 2760 στομάτων
978 2682 1272 2761 χωρεῖ-ὀλολυγή.
1298 2688 1358 2746 557
1386 2685 1437 2746 διά
1461 2685 1520 2758 τῆς

243 2784 576 2863 χώρας-διαφοιτᾶν,
616 2790 700 2850 1173
725 2790 775 2853 διὰ
809 2793 874 2854 τῶν·
908 2794 1019 2854 πυλῶν
1053 2790 1227 2855 εἰσέπτετο.
1267 2791 1351 2854 1216
1382 2791 1518 2853 διαπέτει

244 2890 296 2953 διὰ
318 2894 376 2968 τῆς
399 2893 537 2968 πόλεως.

287 2995 323 3060 L.
350 3000 411 3060 133
435 3000 486 3062 διά
509 3002 565 3062 τοῦ
590 3001 693 3078 πυρὸς
716 3002 816 3067 ἐθέλω
843 3004 988 3080 βαδίζειν.
1017 3007 1078 3067 136
1103 3005 1189 3081 κάγὼ
1215 3006 1369 3082 βούλομαι
1392 3007 1443 3069 διά
1459 3005 1515 3068 τοῦ

115 3093 117 3098 ’
243 3101 354 3179 πυρός
372 3102 408 3184 (i
433 3121 462 3168 e.
488 3107 646 3188 βαδίζειν).

287 3208 345 3271 Th.
374 3211 456 3274 1069
482 3215 603 3291 μακράν
627 3216 672 3292 ὡς
694 3215 833 3295 ἵππευμα
869 3218 1095 3293 διώκεις-τοῦ
1120 3219 1317 3295 σεμνοτάτου
1342 3218 1380 3282 δι
1396 3213 1516 3296 foron-

243 3335 318 3394 troo,
343 3333 427 3395 quae
452 3335 491 3380 ex
515 3319 672 3401 Euripide
697 3327 924 3402 sumptaesse
948 3322 1047 3387 docet
1070 3323 1173 3388 schol.
1201 3325 1284 3387 1099
1302 3328 1353 3388 διὰ
1370 3327 1518 3402 μέσου-

243 3421 371 3500 αἰθέρος
394 3425 516 3502 τέμνων
540 3429 702 3505 κέλευθον,
726 3447 809 3508 quae
834 3429 911 3493 item
937 3428 1110 3510 Euripidis
1135 3435 1220 3494 sunt.

266 3528 327 3592 E.
354 3533 417 3595 124
450 3531 537 3597 ἔστιν
572 3534 779 3611 ἀτραπὸς-ἡ
815 3537 866 3600 διὰ
901 3537 1001 3613 θυίας,
1026 3536 1081 3600 ubi
1114 3536 1208 3601 iocus
1233 3544 1284 3601 est
1309 3539 1517 3620 inambigua

243 3634 483 3718 significatione
505 3659 534 3702 v.
559 3640 619 3716 διά,
645 3643 732 3720 quod
768 3642 874 3706 etde
909 3643 971 3718 via,
997 3650 1031 3707 οι
1065 3643 1105 3707 de
1143 3645 1360 3710 instrumento
1385 3646 1515 3710 dicitur.

244 3746 308 3807 243
333 3744 574 3823 insipentiam&
597 3749 747 3825 κυπείρου
772 3751 822 3813 καὶ
845 3751 945 3828 φλέω.
985 3753 1066 3814 1361
1092 3753 1209 3816 ἐλθέτω
1233 3756 1285 3818 διὰ
1309 3755 1466 3832 δόμων.

186 3863 187 3866 ’
245 3851 348 3916 Ρ1.
363 3855 426 3915 714
451 3853 493 3916 σὺ
529 3855 565 3917 δὲ
597 3859 666 3932 πῶς
694 3856 811 3937 ἑωρας
814 3859 909 3921 -δια
931 3860 987 3921 τοῦ
1013 3859 1194 3936 τριβωνίου.
1220 3862 1305 3973 1036
1330 3863 1381 3924 διὰ
1405 3865 1516 3925 δακπυ

244 3959 444 4037 λίου-ἔμεγ
469 3960 509 4024 ἂν
533 3962 720 4040 διελκύσαις.

288 4064 341 4128 Fr.
368 4069 402 4128 ll
431 4064 470 4129 δι
493 4063 587 4143 ὀπῆς.
612 4071 677 4132 454
700 4071 752 4133 διὰ
774 4069 862 4148 τῆς
847 4073 969 4148 αγορας
985 4091 1116 4150 τρεχων
1133 4076 1197 4136 556
1215 4076 1266 4138 διὰ
1286 4076 1386 4151 μέσου
1402 4096 1516 4154 τειχος

288 4171 400 4238 Looali
424 4189 524 4238 seusu
549 4173 711 4239 dietatest
734 4176 934 4256 praepositio
966 4177 1098 4242 etiam
1090 4197 1123 4242 m

288 4275 328 4346 V
354 4278 417 4340 597
444 4275 567 4359 (aurp.)
592 4281 642 4344 διὰ
665 4283 769 4358 χειρὸς
794 4283 877 4361 ἔχων
901 4283 1022 4363 (ἡμᾶς),
1048 4283 1105 4348 ubi
1133 4286 1184 4350 διά
1208 4304 1271 4350 nou
1292 4288 1378 4352 mult
1364 4295 1433 4354 tum
1458 4239 1516 4351 άιί-

242 4382 307 4460 fert
330 4385 369 4448 ab
394 4386 436 4460 ἐν;
463 4402 548 4472 quae
558 4385 670 4451 locut
647 4392 694 4452 tro
718 4397 795 4469 poet
797 4390 848 4453 ica
873 4408 946 4455 esse
970 4392 1058 4455 videt
1045 4400 1109 4456 tur.

289 4495 323 4570 2)
347 4488 432 4560 Huic
457 4493 531 4556 usui
557 4492 743 4560 simillimus
777 4497 807 4560 is
841 4502 901 4572 est,
927 4514 999 4560 oum
1034 4499 1096 4576 διά,
1121 4499 1246 4563 nomini
1271 4500 1440 4566 abstracto
1462 4502 1516 4566 ad»

242 4596 400 4677 iunctum,
424 4603 547 4662 statum
571 4599 743 4681 signifieat,
768 4603 801 4667 in
827 4621 891 4682 quo
924 4605 996 4685 quis
1021 4610 1183 4670 versatur.
