3298 5368
673 517 708 529 -
738 487 800 547 153
827 515 862 526 --

122 657 223 737 quod
248 655 310 720 hoo
335 656 443 738 ipsum
468 649 582 734 „foliis
606 652 771 717 insidere“
807 651 838 717 in
874 655 988 721 avibus
1024 663 1141 740 poema
1180 655 1291 719 dicere
1326 652 1414 717 licet:

121 763 209 829 vide
233 762 442 846 hloiphronis
477 758 516 825 fr.
553 763 582 836 6,
608 778 628 824 o
651 759 825 842 Blaydeaio
850 761 995 827 allatum:
1027 766 1167 843 ἐαρινοῖς
1205 763 1413 842 ἐφιζύνουσαι

121 873 283 949 πετάλοις
306 869 366 948 ἡδὺ
391 871 442 933 καὶ
464 869 598 932 κωτίλον
623 867 759 945 ἀηδόνες
784 867 975 947 έψιύύριζον.
1020 869 1085 936 Sed
1109 873 1146 933 ut
1166 868 1229 934 hoo
1255 867 1415 944 omittam,

121 977 209 1059 quia
232 995 297 1042 non
320 975 422 1053 videt
447 979 563 1040 nostro
587 974 660 1038 looo
684 991 792 1055 neque
817 974 856 1039 de
881 995 960 1041 vera
994 975 1169 1042 hirundine
1209 975 1271 1059 agi,
1308 991 1414 1056 nequo

121 1092 170 1148 de
197 1101 275 1149 vero
298 1082 395 1149 folio?
417 1082 556 1148 hirundo
581 1081 668 1146 enim
692 1082 922 1164 garrulitatem
947 1089 981 1149 et
1014 1083 1112 1150 simul
1146 1083 1331 1149 barbariem
1356 1082 1413 1145 ho·

123 1189 245 1267 minis,
270 1188 383 1254 folium
406 1187 480 1254 eius
503 1187 648 1270 linguam
674 1185 852 1270 significan
884 1188 962 1254 talia
986 1189 1089 1272 igitur
1112 1189 1253 1254 hirundo
1287 1187 1322 1253 in
1356 1185 1415 1252 tali

122 1292 215 1364 folio
239 1297 383 1366 insidere
407 1300 500 1361 reete
523 1293 589 1360 diei
612 1297 736 1376 potest,
760 1299 799 1359 ut
821 1295 1029 1378 ineptissima
1053 1297 1098 1362 ait
1123 1295 1286 1362 Meinelrei
1305 1294 1413 1359 oonia-

125 1411 229 1470 oturo
253 1407 316 1471 ύιιό
342 1403 662 1483 βύρβαρονέζομένη
679 1404 827 1468 πέταλον.
848 1402 965 1484 Neque
980 1404 1085 1486 magia
1100 1403 1308 1486 probaverim
1325 1399 1414 1482 qnod

125 1512 274 1577 alterum
300 1507 491 1576 Meinelreua
515 1508 619 1590 ponit:
644 1509 715 1588 „Ad
738 1526 850 1574 veram
868 1508 932 1574 looi
950 1511 1160 1592 scripturam,
1178 1508 1297 1592 inquit,
1321 1506 1415 1571 ducit

126 1620 251 1701 opinor
273 1617 472 1700 optimorum
496 1615 656 1682 librorum
681 1615 856 1697 scripturo,
882 1617 937 1698 qui
960 1617 1132 1698 ριομύζει,
1148 1635 1231 1698 quaa
1247 1612 1412 1679 Dindorfii

128 1726 326 1792 coniectura
350 1728 412 1804 ost,
437 1723 599 1802 κελαρύζει
626 1723 754 1800 hahent,
789 1724 863 1790 aliia
887 1725 981 1790 libris
1005 1729 1131 1790 κελαδεῖ
1164 1720 1415 1806 praebentibus.

127 1832 170 1898 In
194 1832 357 1910 κελαρύζει
381 1835 492 1895 autem
534 1826 636 1896 latere
672 1830 824 1912 suspicor
863 1833 1000 1897 κέλαδον
1035 1833 1127 1911 ῥύζει;
1164 1827 1412 1912 expungendum

128 1941 236 2022 igitur
258 1940 388 2004 videtur
410 1940 548 2003 πέταλον
572 1937 611 2001 ab
635 1938 881 2020 interpolatrioe
906 1957 1004 2004 mauu
1022 1939 1064 2002 ad
1095 1940 1227 2018 ἑζομένη
1252 1937 1411 2019 additum,

130 2053 308 2131 postquam
332 2049 469 2112 κέλαδον
493 2045 577 2126 μύζει
601 2045 634 2110 in
658 2046 820 2124 κελαρύζει
844 2045 1001 2110 abierat“.
1035 2045 1115 2110 Mihi
1153 2047 1257 2111 multo
1292 2044 1409 2110 verlei-

134 2155 246 2221 milius
271 2154 410 2232 videtur,
435 2153 595 2231 κελαρύζει
619 2171 657 2216 ex
681 2172 760 2218 vera
784 2153 951 2236 scriptura
974 2155 1077 2232 τρύζει
1113 2155 1250 2234 eiusque
1287 2153 1416 2233 glosse-

137 2267 223 2327 mate
249 2261 476 2344 superscripto
501 2264 636 2339 κελαδεῖ,
663 2260 748 2341 quod
772 2260 880 2342 ipsum
903 2259 938 2324 in
970 2260 1135 2326 nonnullis
1172 2261 1342 2327 codicibus
1366 2261 1413 2323 le·

135 2370 232 2452 gitur,
257 2374 366 2433 ortum
383 2385 457 2434 ease
475 2365 530 2450 (oi.
548 2363 728 2433 Fritasohei
745 2363 867 2450 ann.)*:
883 2385 943 2434 neo
959 2369 1046 2433 onim
1063 2367 1098 2434 in
1115 2367 1278 2438 Meiuehei
1302 2386 1412 2432 emen·

134 2476 269 2541 datione
293 2474 388 2541 video
414 2476 574 2558 equidem,
598 2495 704 2557 neque
729 2475 893 2558 quomodo
917 2475 1112 2543 evanuerint
1127 2476 1258 2542 litterae
1281 2482 1340 2542 δον
1363 2475 1415 2540 val

137 2585 246 2665 potius
269 2588 330 2648 bor
351 2603 370 2647 τ
405 2583 522 2666 (ῥύζειν
547 2582 646 2663 enim,
670 2583 759 2664 quod
785 2581 950 2665 „latrare“
976 2583 1149 2667 signifieat,
1185 2585 1218 2650 in
1239 2583 1412 2649 hirundine

137 2691 384 2772 haudquaquam
408 2687 473 2753 diei
499 2689 635 2772 potest),
659 2694 717 2754 aut
740 2694 867 2754 κελαδεῖ
888 2708 950 2772 pro
982 2693 1118 2757 κέλαδον
1153 2692 1255 2771 τρύζει
1290 2691 1412 2757 subati-

135 2804 239 2864 tutum
265 2796 318 2876 sit,
346 2813 459 2878 aeque·
477 2814 541 2877 qua
565 2797 696 2861 ratione
719 2796 868 2862 additum
888 2798 933 2863 ait
955 2800 1103 2876 πέταλον,
1139 2817 1222 2881 qnae
1257 2815 1319 2864 vox
1353 2798 1407 2864 hio

135 2905 221 2971 haud
245 2903 312 2968 oito
336 2902 489 2984 uniquam
514 2903 548 2968 in
572 2908 716 2968 mentem
742 2904 862 2969 veniat.
899 2905 991 2982 Quae
1027 2923 1101 2969 oum
1127 2905 1175 2970 ita
1209 2905 1286 2981 sint,
1322 2903 1411 2969 ondit

134 3010 270 3076 Valseni
295 3025 429 3096 quoque
454 3010 657 3089 coniectura,
675 3029 750 3075 oum
774 3010 972 3093 praesertim
996 3011 1132 3077 olibrio
1156 3011 1256 3077 etiam
1279 3011 1410 3094 lougius

133 3118 268 3184 recedat
290 3134 396 3198 neque
421 3135 554 3182 sensum
579 3118 697 3184 bonum
723 3121 891 3201 praebeat.
916 3120 1032 3201 Itaque
1057 3119 1207 3185 codioum
1232 3120 1408 3186 leotionom

135 3224 340 3292 retinendam
366 3241 494 3300 censeo,
521 3229 654 3310 recepto
679 3226 750 3290 sola
772 3225 952 3292 Fritzaehei
973 3226 1168 3291 coniectura
1179 3227 1295 3305 τρύζει,
1314 3245 1410 3308 quam

134 3339 168 3398 et
190 3338 330 3396 metrum
358 3337 392 3396 et
415 3351 469 3398 rea
493 3333 566 3414 ipsa
589 3351 726 3415 poscere
760 3333 890 3398 ridetur
927 3336 971 3412 (ν.
1009 3352 1094 3414 quae
1128 3333 1241 3398 attulit
1274 3332 1412 3417 Blayde·

134 3438 228 3522 eiua),
252 3438 428 3519 locumque
454 3439 500 3503 ita
524 3439 728 3504 vertendum:
753 3439 870 3520 „onina
894 3439 928 3503 in
951 3438 1053 3502 lebria
1078 3438 1230 3522 ambigue
1250 3437 1287 3520 (i.
1312 3457 1342 3502 e.
1359 3455 1411 3504 ae-

133 3545 334 3624 mibarbore)
358 3544 569 3627 loquentibus
594 3544 805 3610 vehementer
827 3546 939 3610 fremit
953 3543 1096 3611 Thracia
1111 3544 1261 3624 hirundo,
1280 3545 1314 3610 in
1337 3545 1410 3610 bar-

134 3653 213 3718 baro
238 3651 318 3716 lolio
344 3652 379 3733 (i.
406 3671 435 3718 o.
461 3653 493 3721 in
516 3653 656 3718 barbara
681 3654 753 3719 eius
788 3654 914 3738 lingua)
950 3654 1132 3720 eessitans“
1168 3654 1223 3734 (ad
1263 3655 1410 3718 verbum:

136 3765 329 3842 „postquam
354 3760 406 3825 vel
432 3779 515 3841 quae
542 3762 574 3827 in
598 3761 738 3827 barbaro
762 3761 841 3825 lolio
877 3761 1048 3828 consedit“
1081 3763 1221 3843 „ohamu
1258 3780 1301 3826 aa
1332 3778 1409 3840 nap-

134 3867 270 3948 moerin
300 3867 437 3930 sacrat

177 3973 225 4040 Pl.
254 3975 315 4036 799
341 3973 391 4037 ἐπὶ
419 3973 697 4052 τούτοις-γελᾶν,

176 4078 211 4162 b)
237 4077 275 4145 N.
301 4081 364 4144 363
388 4077 512 4163 (anau.)
537 4080 614 4160 κάφ’
636 4083 711 4160 ἡμῖν
734 4087 1036 4162 σεμνοπροσωπεῖς.

168 4368 183 4400 *
204 4367 337 4422 Similiter
355 4367 383 4422 in
402 4367 443 4421 Pl.
463 4369 524 4432 596,
546 4367 593 4420 ubi
611 4368 696 4426 oeteri
715 4367 823 4424 oodioos
844 4370 977 4426 exhibent
996 4369 1175 4432 ἀποπέμπειν
1188 4377 1237 4424 aut
1252 4368 1411 4434 προσάγειν,

134 4456 206 4512 aolua
227 4455 251 4511 U
270 4454 357 4514 habat
375 4463 470 4512 contra
489 4462 606 4512 metrum
626 4456 829 4528 προσπέμπειν,
848 4458 921 4528 quod
942 4457 1016 4518 haud
1045 4457 1127 4512 dubie
1158 4472 1193 4511 ex
1222 4455 1275 4510 illis
1306 4453 1410 4510 duobus

136 4543 282 4600 conflatum
301 4551 351 4616 est,
370 4562 430 4600 oum
448 4545 476 4600 in
495 4546 585 4602 codiee
605 4547 756 4618 archetypo
774 4548 905 4617 scriptum
918 4555 994 4604 esset
1006 4543 1281 4613 ύποπέμιιειν,νιιιίιι
1295 4539 1409 4602 lectione

137 4634 285 4700 προσάγειν
304 4635 499 4704 superscripta.
519 4635 560 4692 cf.
579 4635 725 4704 Bamberg.
746 4638 824 4708 1885,
844 4654 869 4707 p.
891 4641 931 4694 17.
