3328 5370
880 491 1054 553 ..66-

383 658 440 723 ΙΙΙ.
465 659 580 724 Restat
602 677 686 723 unus
717 659 809 723 locus

382 767 419 829 ll.
445 771 508 830 554
534 767 799 844 κρέα-εἴκοσιν
824 765 870 829 ἀν’
905 765 1129 844 ἡμιωβολιαῖαΙ
1149 764 1346 846 (κατέφαγε),
1381 771 1418 829 ut
1452 781 1537 828 nunc
1564 761 1593 822 ah

339 873 491 940 omuibus
515 874 553 937 de
576 873 711 938 Kusteri
736 873 924 937 coniectura
948 872 1066 949 editur,
1091 891 1163 937 cum
1188 870 1265 935 libri
1290 889 1403 936 omnes
1432 871 1594 948 ἀνημιωβο·

338 985 424 1046 λιαῑα
447 982 500 1046 vel
523 982 792 1059 ἀνημιωβολιμαῐα
813 981 996 1048 exhibeant.
1024 979 1157 1044 [instari
1183 979 1384 1064 coniectura,
1418 978 1482 1044 etsi
1507 974 1595 1042 omni·

337 1090 398 1153 hus
420 1088 559 1185 proheta
580 1094 641 1167 est,
667 1087 718 1152 his
743 1087 781 1150 de
806 1087 915 1154 causis
938 1087 1043 1167 recipi
1068 1105 1133 1152 hon
1168 1091 1286 1167 potest.
1327 1085 1485 1166 Primum,
1523 1082 1594 1166 quod

336 1197 398 1259 ἀνά
421 1194 622 1276 praepositio
647 1194 809 1258 adiectivo
832 1193 1068 1273 ἡμιωβολιαῖος,
1094 1211 1158 1275 quo
1179 1193 1417 1258 substantivum
1444 1190 1595 1265 definitur,

336 1302 502 1384 adiuncta,
527 1321 629 1383 aeque
652 1301 785 1365 soloeca
809 1308 869 1372 est,
895 1317 933 1363 ac
958 1300 986 1364 si
1011 1300 1083 1381 quis
1109 1301 1186 1377 κρέα
1211 1301 1272 1364 ἀνὰ
1296 1301 1415 1378 μεγάλα
1431 1298 1532 1364 dicat:
1548 1313 1595 1360 nec

336 1410 421 1474 enim
447 1408 648 1490 praepositio
674 1409 781 1483 habet,
807 1427 871 1490 quo
895 1407 1070 1485 referatur,
1095 1425 1168 1472 cum
1195 1423 1274 1472 casu
1309 1411 1433 1470 careat
1470 1405 1595 1488 (Saltem

336 1516 603 1580 dicendum.erat
626 1513 675 1580 ἀν’
698 1517 901 1594 ἡμιωβολιονς
927 1513 966 1579 ci.
990 1515 1083 1579 Dem.
1111 1519 1162 1591 27,
1189 1519 1206 1577 9
1240 1514 1492 1592 μαχαιροποιοὺς
1524 1513 1595 1590 τριά-

337 1644 433 1687 κοντα
457 1625 507 1687 καὶ
530 1623 589 1686 δύο
613 1624 632 1700 ἢ
656 1626 742 1700 τρεῖς
765 1623 826 1686 ἀνὰ
848 1623 942 1686 πέντε
967 1627 1046 1699 μνᾶς
1070 1625 1120 1686 καὶ
1145 1621 1198 1701 ἕξ).
1232 1621 1369 1698 Deinde,
1404 1622 1480 1701 quis
1515 1620 1595 1693 terat,

334 1727 622 1812 praepositionem,
648 1728 689 1792 ad
711 1726 918 1810 magnificum
942 1746 1044 1808 genus
1068 1726 1197 1792 dicendi
1220 1727 1453 1808 pertinentem,
1485 1741 1596 1806 aquo·

334 1836 457 1900 riurano
482 1853 634 1900 sermone
659 1836 738 1899 aneo
763 1835 915 1912 alienam,
940 1839 976 1898 ut
1000 1835 1086 1915 apuu
1109 1816 1219 1898 nuuc(
1247 1834 1298 1897 ars
1322 1837 1364 1914 (a,
1396 1837 1448 1913 22,
1477 1838 1490 1896 1
1519 1839 1553 1896 a
1572 1839 1592 1905 ι,

336 1945 386 2021 72,
412 1943 457 2025 2),
482 1943 567 2023 apud
593 1940 765 2006 oratores*
790 1943 921 2006 omnino
946 1949 1064 2022 quater
1087 1943 1226 2022 legatur:
1243 1931 1330 2019 apud
1349 1941 1590 2006 Demosthenem

333 2050 383 2114 his
408 2049 470 2132 (or.
496 2054 548 2127 27,
574 2053 591 2111 9
617 2055 650 2112 et
674 2053 729 2123 55,
754 2049 806 2132 19)
842 2051 988 2131 itemque
1016 2049 1067 2113 bis
1092 2050 1177 2128 apud
1203 2047 1402 2112 Andocidem
1428 2044 1484 2127 (de
1509 2049 1590 2126 myst.
1620 2037 1621 2040 ’

334 2156 401 2238 38),
425 2156 457 2220 iu
483 2156 588 2220 titulis
610 2157 729 2222 Atticis
753 2175 912 2237 nusquam
937 2154 1133 2228 inveniatur,
1160 2174 1224 2236 qua
1257 2171 1296 2218 ne
1329 2153 1448 2233 tragici
1473 2152 1588 2235 quidem
1620 2119 1621 2158 ¹

333 2263 367 2326 in
390 2261 545 2325 divortiis
569 2261 616 2325 uti
642 2261 778 2338 soleant,
796 2280 866 2325 enm
895 2262 948 2326 hic
966 2279 985 2323 a
1001 2277 1149 2342 caupona
1163 2261 1198 2326 iu
1213 2259 1430 2326 usitatissimo
1453 2273 1587 2324 sermono

329 2369 399 2434 sine
423 2369 489 2432 ulla
512 2369 722 2443 necessitate,
755 2369 825 2433 sine
850 2369 917 2433 ulla
940 2368 1077 2450 parodia
1101 2367 1183 2432 dici?
1209 2367 1300 2444 Quae
1338 2385 1411 2432 oum
1447 2367 1495 2432 ita
1527 2366 1587 2434 sint

329 2476 479 2539 codicum
516 2475 691 2539 lectionem
728 2475 822 2540 unico
857 2495 965 2540 veram
991 2494 1065 2540 esse
1092 2481 1170 2556 puto
1207 2483 1304 2556 atque
1337 2476 1471 2540 verbum
1497 2476 1588 2552 ἀνημι-

328 2587 509 2660 ωβολιαῑος,
527 2581 674 2663 quamvis
687 2583 853 2648 nonnullis
865 2589 1110 2648 monstruosum
1124 2582 1284 2656 videatur,
1301 2583 1331 2646 in
1343 2601 1404 2646 usu
1417 2582 1585 2646 Atticorum

325 2687 430 2756 fuisse
456 2690 629 2755 contendo.
653 2689 766 2770 Neque
790 2709 867 2754 vero
893 2692 979 2755 omm
1004 2691 1153 2772 analogia
1170 2700 1270 2768 caret,
1288 2695 1326 2753 ut
1340 2691 1406 2753 iam
1425 2689 1588 2754 scholiasta

326 2796 420 2875 vidit,
446 2798 539 2862 cuius
563 2796 867 2875 interpretationem
895 2798 1187 2878 operaepretium
1225 2802 1277 2862 est
1312 2797 1437 2860 audire:
1474 2792 1587 2860 ἀπὸδὲ

328 2905 522 2980 συντάξεως,
547 2901 664 2982 inquit,
690 2902 832 2980 ὀνόματα
855 2905 970 2980 γίνεται
994 2905 1091 2979 καλὸς
1119 2906 1171 2967 καὶ
1207 2903 1337 2979 ἀγαθός,
1373 2900 1586 2979 καλοκαγαθία·

326 3015 415 3087 θεοῖς
438 3011 561 3089 ἐχθρός,
584 3011 761 3089 θεοεχθρία·
787 3011 891 3089 οὕτως
915 3011 964 3076 ἀν’
982 3007 1229 3089 ἡμιωβολιον**,
1244 3012 1523 3088 ἀνημιαιβολιαῑον.
1545 3011 1587 3081 οη-

327 3121 378 3182 λοῖ
401 3119 435 3180 δὲ
458 3114 641 3194 harmonion
666 3116 744 3182 ἄξια.
780 3119 1043 3197 ἐπισημειοῦσθαι
1067 3119 1102 3182 δὲ
1131 3120 1189 3194 τὴν
1213 3121 1294 3182 λέξιν
1317 3117 1379 3180 ἔδει
1415 3123 1460 3200 τῷ
1493 3138 1521 3195 χ.
1553 3108 1587 3174 Ut

325 3223 551 3301 ἡμιωβολιαῑος
576 3223 616 3286 ad
639 3223 986 3304 &supremumque
1009 3223 1139 3302 ἡμέριος
1164 3231 1196 3286 et
1220 3222 1371 3300 ἡμερινός
1401 3223 1442 3287 ad
1465 3216 1585 3297 καθημέ-

327 3349 395 3405 ριος
419 3335 452 3391 et
475 3329 694 3408 καθημερινάς.
719 3331 763 3394 Et
788 3331 887 3394 Henr.
913 3330 1097 3410 Stephanus
1123 3330 1233 3412 (Thes.
1258 3351 1286 3392 v.
1301 3330 1326 3406 1,
1353 3333 1382 3411 2,
1398 3348 1428 3410 p.
1446 3329 1530 3411 742),
1545 3319 1586 3388 oui
1620 3361 1621 3382 ι

324 3455 354 3498 v.
381 3435 620 3513 ἀνημιαιβόλιον,
639 3455 679 3498 ex
696 3454 758 3517 quo
774 3436 837 3499 hoc
855 3438 1121 3514 ἀνημιωβολιαῑος
1141 3436 1318 3513 deducunt,
1334 3441 1470 3516 propter
1486 3446 1586 3515 praep.
1620 3453 1621 3460 ¹

326 3541 387 3605 ἀνά
411 3547 602 3621 suspectum
626 3541 767 3624 videtur,
792 3543 825 3605 in
851 3543 999 3606 derivato
1022 3543 1301 3624 praepositionem
1339 3542 1448 3608 minus
1482 3540 1585 3606 miram

326 3664 401 3711 esse
425 3652 513 3712 recte
538 3653 661 3712 censet.
686 3649 793 3729 Atque
817 3649 879 3713 hoc
902 3649 1000 3727 idem,
1026 3648 1112 3730 quod
1136 3667 1206 3729 ego,
1233 3651 1336 3713 sensit
1359 3649 1435 3726 iam,
1461 3654 1586 3712 utnuuc

324 3753 431 3828 uideo,
456 3753 561 3817 Maur.
585 3753 730 3820 hleierus
756 3753 940 3835 (Opuscula
962 3757 1062 3820 Acad.
1086 3755 1113 3832 I,
1137 3774 1168 3834 p.
1185 3755 1252 3838 57),
1270 3757 1325 3836 qui
1344 3773 1420 3820 cum
1444 3756 1507 3820 alia
1527 3756 1586 3813 tum

322 3857 519 3925 haecdicit:
547 3859 683 3941 „Itaque
708 3867 798 3925 recto
823 3862 944 3927 dixeris
970 3863 1017 3926 ἀν’
1040 3861 1242 3940 ἡμιωβολιον,
1279 3880 1344 3927 non
1379 3861 1427 3926 ἀν’
1460 3862 1588 3940 ἡμιωβο-

323 3971 436 4044 λιαῖον;
462 3971 576 4032 contra
599 3974 690 4032 recte
715 3988 755 4032 ex
778 3969 835 4033 illo
859 3989 978 4034 novum
997 3969 1103 4033 oritur
1122 3969 1318 4034 adiectivum
1338 3966 1588 4049 ἀνημιωβολιαῑα

324 4091 388 4153 quo
413 4092 478 4138 non
501 4075 609 4139 minus
634 4073 837 4157 significatur
861 4076 1077 4158 complurium
1102 4094 1210 4141 rorum
1236 4077 1381 4157 singulas
1405 4094 1477 4142 essa
1499 4075 1588 4151 horor

324 4181 433 4260 βολίου
462 4182 583 4262 pretio,
618 4199 714 4263 quam
750 4184 977 4262 ἡμιωβολιαῑον
1009 4201 1074 4248 una
1108 4203 1161 4249 ras
1195 4183 1327 4263 dicitur,
1364 4201 1448 4264 quae
1484 4201 1524 4246 eo
1546 4176 1588 4239 esi

321 4284 465 4365 pretio“.

450 4375 455 4408 l

356 4543 372 4576 *
391 4541 432 4597 ef.
451 4543 529 4596 hutz.
549 4541 719 4609 Allgemsine
739 4539 970 4608 Beobachtungen
988 4541 1033 4595 ub.
1054 4542 1097 4596 dio
1115 4541 1199 4608 Prap.
1218 4541 1334 4596 beiden
1356 4541 1501 4600 Attisohen
1518 4527 1582 4590 sed·

321 4647 397 4699 nern,
418 4635 495 4701 1883,
514 4632 561 4698 qui
579 4637 670 4685 tamen
689 4646 704 4684 e
724 4630 908 4685 Demosthene
927 4647 1010 4684 unum
1028 4631 1119 4685 locum
1139 4630 1221 4686 affert
1240 4633 1282 4702 55,
1313 4635 1353 4686 la.

359 4721 388 4752 **
408 4721 451 4773 Ita
471 4719 621 4774 emendavit
640 4718 797 4774 Salmasius.
812 4718 888 4774 Libri
908 4719 1122 4784 ἀνημιαιβόλιον.
