3328 5370
760 528 913 582 ...4-

234 657 454 767 ουρανός.
481 687 681 753 Kuehnerus
705 689 749 768 (p.
775 689 854 770 402)
880 693 913 753 et
936 687 1066 770 Papeus
1083 686 1184 771 ¹(Lea.
1209 689 1225 754 1
1248 709 1279 772 p.
1306 691 1383 774 821)
1418 691 1472 756 ιλιι

187 799 268 868 eunt
294 795 329 859 ἐν
353 794 386 858 in
409 793 577 858 locutione
602 795 636 858 ἐν
660 793 788 878 οὐρανῷ
813 813 890 861 esse
915 796 1045 878 „iuxta“
1072 789 1172 878 idque
1189 799 1376 879 germanice
1393 813 1474 862 ver--

188 904 262 965 tant
288 917 360 981 „am
386 894 559 978 Htmmei“;
585 901 673 982 quod
697 901 856 983 equidem·
874 902 987 971 miror.
1012 901 1092 967 Nmn
1119 905 1153 968 ἐν
1182 904 1314 986 οὐρανῷ
1352 905 1463 968 eadem

188 1007 317 1073 ratione
342 1007 463 1073 dicitur
487 1015 585 1089 atquc
609 1009 644 1073 ἐν
669 1007 747 1093 ὁδῷ,
773 1008 808 1074 ἐν
831 1010 919 1092 ἀγρῷ
944 1027 1052 1092 neque
1077 1011 1143 1076 uilo
1169 1017 1266 1093 pacto
1291 1028 1330 1075 eo
1347 1013 1469 1077 referri

188 1118 308 1195 potest,
327 1130 391 1195 quo
407 1113 426 1191 ἡ
445 1114 479 1178 ἐν
494 1115 646 1193 Σαλαμῖνι
663 1117 744 1194 μάχη
759 1115 880 1180 similia
896 1117 1097 1184 referuntur.
1109 1119 1180 1182 Iam
1195 1124 1376 1200 sequantur
1388 1119 1470 1184 loci.

232 1220 271 1286 A.
298 1222 361 1287 534
386 1221 421 1285 ἐν
444 1220 495 1285 οὐ.
521 1221 636 1298 μένειν.
1477 1243 1479 1248 ·

233 1326 269 1396 V.
296 1328 337 1389 22
363 1327 398 1390 ἑν
421 1332 458 1409 γῇ
483 1327 510 1392 τ’
532 1329 691 1408 ἀπέβαλεν
716 1330 774 1395 κάν
798 1330 956 1410 οἵα-τὴν
978 1332 1110 1399 ἀσπίδα.

233 1436 290 1501 Αν.
320 1437 405 1502 1234
428 1438 497 1512 τοῖς
521 1435 776 1514 eroes-orote.
827 1474 829 1479 ·

233 1563 257 1606 π
271 1561 350 1616 ατο
364 1541 373 1604 ί
387 1559 413 1618 ςτ
437 1542 475 1609 A.
504 1543 568 1605 168
591 1543 841 1622 πάσχοντα-ἐν
864 1547 900 1624 τῇ
921 1563 957 1609 π.

231 1649 403 1713 πεδίοντ
428 1648 486 1715 Av.
511 1650 575 1712 506
599 1650 676 1726 τοὺς
699 1651 903 1727 πυροὺς-ἐν
925 1654 994 1728 τοῖς
1017 1674 1051 1715 π.
1076 1651 1226 1728 ἐθέριζον.

231 1773 254 1820 τι
267 1755 285 1818 ὃ
299 1758 316 1819 λ
329 1777 338 1818 ι
351 1775 376 1832 ς;
401 1743 439 1822 A.
466 1756 530 1818 642
554 1756 642 1833 ιοὺς,
657 1755 782 1834 δήμους
806 1757 840 1820 ἐν
859 1760 932 1834 ’ταῖς
948 1780 979 1825 ιι.
1002 1759 1105 1836 δείξας
1122 1759 1167 1836 ὡς
1183 1761 1472 1837 δημοκρατοῦνταιν

235 1861 274 1930 Ε.
300 1864 365 1926 267
389 1863 424 1927 ἐν
447 1861 538 1926 πόλει
561 1861 687 1926 ἱστάναι
711 1867 873 1942 μνημεῖον.
911 1867 974 1927 385
1009 1863 1049 1942 ἦν
1084 1864 1147 1943 ἄρα
1181 1866 1283 1943 πυρός
1312 1857 1347 1942 γ’
1375 1865 1467 1943 ἕτερα

189 1969 368 2049 θερμότερα
392 1970 574 2045 καὶ’λό’γων
597 1969 631 2033 έν
654 1971 743 2034 πόλει
774 1975 838 2035 τῶν
870 1972 1010 2036 ἀναιδῶν
1045 1972 1274 2050 ἀναιδέστεροι,
1311 1977 1374 2040 477
1409 1974 1487 2049 τὰςν

190 2077 347 2153 ξυνόδους
370 2077 428 2152 τὰς
450 2078 633 2152 νυκτερινὰς
656 2077 714 2153 τὰς
738 2078 772 2140 έν
795 2078 895 2142 πόλει.
920 2076 970 2141 Ita
997 2077 1084 2140 hunc
1116 2094 1248 2142 versum
1273 2077 1472 2142 Meinekeua

191 2181 328 2264 scripsit
352 2199 391 2246 ex
414 2181 641 2246 emendatione
666 2183 790 2259 bobeta
824 2182 976 2248 inlibris
1011 2183 1132 2266 legitur
1168 2185 1202 2248 ἐν
1236 2191 1271 2266 τῇ
1307 2186 1397 2249 πόλει
1432 2184 1464 2248 in

189 2289 269 2357 Itan.
296 2293 327 2352 et
351 2288 402 2352 ἐπὶ
416 2291 459 2368 ’τῇ
485 2287 575 2352 πόλει
599 2286 633 2350 in
657 2288 805 2370 reliquis,
829 2289 915 2353 unde
940 2287 1136 2354 Meinekeus
1161 2289 1195 2353 iii
1220 2304 1295 2358 ann.
1321 2306 1365 2354 er.
1390 2283 1465 2354 co'n·

189 2393 271 2458 iecit
305 2394 364 2471 τὰς
398 2394 448 2458 ἐπὶ
469 2394 568 2476 πόλει,
594 2387 742 2458 Καιλίου
767 2399 877 2459 autem
902 2395 1044 2460 articulo
1073 2397 1130 2474 τάς
1153 2396 1263 2460 deleto
1288 2394 1393 2462 edidit
1416 2396 1473 2460 ἐπὶῑ

188 2507 225 2584 τῇ
250 2501 350 2573 πόλει,
376 2499 463 2587 quod
487 2499 674 2582 germanice
700 2501 943 2582 interpretatur
966 2521 1058 2584 „num
1083 2503 1236 2568 Umsturn
1260 2503 1319 2567 der
1342 2501 1470 2566 staats--

187 2604 412 2692 vemassung“.
438 2606 529 2684 Quae
550 2607 748 2684 coniectura,
776 2608 923 2690 quamvis
947 2609 1032 2675 lenis
1062 2610 1105 2676 sit
1122 2611 1308 2698 bonumque
1333 2627 1464 2674 sensum
1505 2695 1507 2700 ,

186 2714 353 2797 praebeat,
379 2713 504 2778 duabus
528 2713 567 2777 de
593 2710 703 2778 causis
728 2719 882 2795 suspecta
906 2713 986 2779 mihi
1011 2721 1072 2790 est,
1110 2716 1174 2780 etsi
1197 2728 1269 2780 rem
1294 2733 1356 2779 non
1382 2717 1472 2780 satis-

188 2823 390 2904 exploratam
422 2820 539 2885 habeo:
578 2820 719 2900 primum
755 2821 842 2886 enim
881 2823 1101 2904 quaerendum
1142 2831 1201 2903 est,
1242 2843 1319 2888 num
1358 2821 1471 2904 possit-

189 2929 350 2996 articulns
375 2930 432 3006 τάς
456 2936 531 2993 ante
556 2929 606 2993 ἐπὶ
629 2934 665 3011 τῇ
688 2952 720 2995 π.
746 2931 864 2994 omitti:
888 2951 962 2996 nam
999 2931 1027 2998 si
1052 2933 1180 3014 aliquot
1204 2933 1363 2997 attributa
1389 2932 1466 2996 sub-

187 3038 376 3112 stantivum,
404 3035 546 3100 articulo
583 3035 792 3117 instructum,
830 3047 1024 3120 sequuntur,
1059 3040 1314 3120 unumquodque
1348 3055 1462 3101 eorum

187 3141 362 3210 articulum
389 3141 452 3207 sibi
476 3141 753 3208 asciscere'solet
776 3143 819 3228 (v.
844 3143 1014 3212 Kuehneri
1037 3146 1081 3223 II,
1119 3145 1135 3228 ἐ
1164 3149 1238 3221 463,
1276 3149 1306 3222 7,
1330 3145 1375 3228 d).
1413 3145 1462 3210 Cf.

186 3254 223 3318 P.
249 3254 324 3319 241.
360 3249 417 3316 Th.
451 3251 616 3327 29-30‚
643 3253 694 3316 31.
719 3250 845 3316 Deinde
870 3253 1002 3316 dubium
1027 3253 1107 3317 mihi
1131 3253 1272 3329 videtur,
1295 3271 1372 3317 num
1405 3271 1473 3316 une

174 3340 284 3439 'quam
311 3357 361 3420 ἐπὶ
383 3361 419 3438 τῇ
445 3356 534 3421 πόλει
552 3373 651 3422 sensu
670 3364 808 3437 „contra
828 3357 1064 3439 rempublicam
1083 3358 1304 3443 (οοιιὶιιναιό).α
1324 3360 1463 3424 dicator:

186 3465 294 3530 solent
318 3462 404 3528 enim
428 3463 491 3528 hoc
516 3481 614 3529 sensu
649 3462 751 3552 Attici¹
778 3463 828 3529 ἐπὶ
851 3471 895 3548 τῷ
920 3466 1010 3550 δήμῷ
1035 3467 1105 3549 (Ar.
1130 3465 1168 3529 Ε.
1195 3469 1268 3530 238.
1306 3467 1406 3531 Thac.
1429 3473 1462 3544 6,

188 3574 239 3651 61,
264 3571 299 3654 Ι1)
324 3571 376 3634 vel
401 3571 450 3636 έπὶ
473 3571 575 3648 δήμου
601 3565 771 3635 καταλύοει
794 3569 908 3652 (Thuc.
936 3575 966 3650 6,
993 3573 1045 3650 28,
1071 3572 1105 3656 2)
1131 3572 1252 3638 dicare.
1270 3574 1358 3638 Idem
1377 3574 1463 3638 cadit

186 3679 221 3742 in
246 3675 412 3742 Meinekei
437 3672 661 3741 coniecturam
686 3679 743 3754 τὰς
769 3680 819 3743 ἐπὶ
841 3676 944 3753 πόλει,
982 3679 1015 3743 in
1049 3699 1112 3762 qna
1137 3679 1236 3744 etiarn
1266 3681 1355 3746 πόλει
1391 3680 1465 3745 sine

187 3783 329 3848 articulo
355 3784 499 3864 positum
526 3780 671 3847 offendit.
695 3783 776 3848 Nam
802 3785 857 3849 ubi
881 3785 941 3850 hoc
966 3788 1066 3850 verbo
1082 3787 1229 3851 Athenae
1251 3788 1341 3869 ipsae
1361 3787 1474 3867 signi-e

186 3890 338 3969 ficantur,
363 3893 417 3956 Ar.
442 3907 573 3972 semper
596 3892 666 3954 iere
692 3891 867 3956 articulum
893 3892 922 3957 ei
940 3873 1060 3957 addere
1077 3893 1170 3971 solet,
1189 3893 1257 3958 sive
1275 3893 1307 3957 id
1328 3893 1460 3960 nudum,

186 3997 255 4063 sive
280 3997 408 4062 adiecta
432 3997 676 4078 praepositione
701 3999 845 4079 positum
870 4004 931 4081 est.
962 4003 1000 4062 ut
1025 3999 1058 4063 ἐν
1083 4005 1117 4081 τῇ
1143 3997 1232 4066 πόλει
1268 4000 1328 4064 hoc
1364 4003 1461 4065 sensu

185 4104 305 4186 legitur
329 4103 361 4168 in
387 4103 424 4172 Ε.
455 4109 528 4169 839.
555 4107 627 4171 863.
653 4108 726 4168 981.
756 4109 850 4170 1392.
875 4103 916 4168 V.
949 4108 1021 4169 651.
1049 4105 1085 4170 P.
1123 4111 1196 4174 704.
1224 4106 1262 4172 R.
1292 4109 1365 4170 692.
1402 4105 1461 4176 Ec.

187 4215 239 4277 αι.
268 4213 340 4274 roa
367 4212 443 4277 ece.
468 4209 515 4274 Pi.
542 4213 617 4290 ιοι;
643 4213 678 4278 a<
712 4217 769 4290 τῆς
800 4212 937 4290 aeaeae:
965 4211 1004 4275 n.
1032 4216 1104 4282 ινα.
1129 4214 1165 4277 n.
1192 4215 1267 4290 ινα
1301 4217 1370 4291 περι
1404 4196 1462 4292 τὴν

186 4317 290 4383 πόλινε
329 4317 366 4380 A.
408 4322 481 4381 663.
508 4321 582 4382 697.
611 4317 649 4383 E.
676 4321 749 4397 812;
788 4322 859 4398 περὶ
882 4323 938 4398 τῆς
962 4322 1097 4399 πόλεωςε
1122 4325 1158 4384 A.
1186 4321 1263 4384 499.
1289 4321 1326 4384 R.
1364 4317 1476 4400 14363‘

189 4423 259 4488 sine
285 4422 425 4487 articulo
450 4424 500 4489 bis
523 4424 586 4490 hoc
610 4427 744 4490 verbum
770 4425 888 4491 inveni:
915 4427 948 4491 έν
972 4428 1061 4492 πόλει
1085 4425 1123 4489 Ε.
1151 4429 1213 4490 385
1250 4428 1282 4492 in
1316 4428 1460 4493 carmine

187 4528 320 4596 chorico
346 4535 377 4594 et
402 4534 480 4596 κατὰ
504 4533 595 4598 πόλιν
618 4533 677 4596 Ec.
704 4536 778 4596 557:
802 4539 978 4614 utrumque
1002 4533 1102 4598 locali
1127 4551 1225 4598 sensu
1251 4534 1373 4598 dictum
1399 4541 1460 4601 est.

186 4636 250 4702 Ubi
274 4653 351 4702 vero
376 4639 466 4716 πόλις
490 4657 597 4704 arcem
624 4638 823 4703 Athenarum
849 4639 1048 4723 (ἀκρόπολις)
1083 4639 1243 4722 designat,
1269 4641 1296 4704 si
1321 4659 1460 4723 praepo-
