3328 5370
856 465 1031 531 ..46-

342 635 421 700 Lar
446 635 477 714 εί
498 632 696 713 rte-atrae
712 632 865 722 ἐκάλεσεν
899 632 920 709 ί)
943 626 972 710 ’ς
996 631 1172 710 Πανὸς-*ἢ
1198 632 1240 710 ’ς
1253 629 1493 709 Γενετυλλίδος.
1524 631 1589 694 621

297 739 642 820 συνεληλυθότες-είς
667 739 884 817 Κλεισθένους.
907 739 977 816 ,725
1000 738 1242 816 πέτεσθαι-εἰς
1266 736 1475 818 Ὀρσιλόχου.
1500 739 1591 810 1064

296 848 467 928 ἥκετ-είς
504 849 594 928 ἐμοῦ.
621 848 706 923 1070
746 849 871 926 χωρεῖν·
894 845 1005 923 ὥσπερ
1039 843 1144 912 οἴκαδ’
1178 845 1222 923 εἰς
1246 845 1380 913 ἑαυτῶν.
1407 847 1499 922 1211
1531 845 1591 909 ἴτω

296 957 343 1035 εἰς
367 957 456 1036 ἐμοῦ.
1066 1020 1068 1024 ,

343 1061 400 1130 Th.
425 1066 467 1128 89
493 1063 538 1142 εἰς
562 1061 792 1140 θεσμοφόρων
822 1062 936 1130 ἐλθεῖν

342 1171 381 1244 R,
406 1176 446 1236 69
473 1170 604 1254 (ἐλθεῖν)
630 1169 673 1247 εἰς
695 1168 815 1234 Ἅιδου.
843 1171 905 1234 118
930 1165 1093 1249 ineidat&
1118 1168 1166 1246 είς
1186 1167 1319 1239 Ἅιδου.
1344 1169 1405 1235 172
1426 1162 1590 1245 σκευάρι’

299 1279 343 1356 εἰς
365 1276 477 1342 Ἅιδου
501 1277 623 1356 φέρειν.
649 1278 736 1340 1363
756 1276 1019 1362 παράφηνον-εἰς
1044 1276 1172 1354 Γλύκης.
1637 1303 1638 1348 ι

341 1383 400 1450 Ea.
425 1386 490 1450 420
514 1363 683 1463 ἰέναι-εἰς
715 1387 779 1449 τῶν
816 1386 1040 1460 σκυλοδεψῶν.
1082 1385 1167 1452 1037
1203 1383 1247 1462 εἰς
1279 1384 1420 1462 ἐμαυτῆς
1445 1382 1590 1458 εἰσάγω.

297 1495 348 1559 Ita
371 1498 462 1558 reate
487 1491 675 1566 emendavit
697 1491 797 1561 Mein.
822 1488 983 1555 librorum
1012 1490 1186 1556 lectionem
1210 1491 1267 1558 τὸν
1292 1491 1443 1572 ἐμαυτῆς,
1468 1491 1585 1575 matra

297 1599 397 1672 etiam
413 1604 660 1682 repugnantem:
686 1616 772 1680 „non
785 1596 870 1666 euim
885 1615 981 1679 quem
999 1597 1182 1663 abductare
1198 1598 1243 1662 nit
1260 1597 1393 1681 [asueti]
1409 1616 1450 1665 ex
1467 1596 1589 1661 vetula

295 1705 484 1790 quaesitum
502 1711 585 1786 erat,
599 1707 657 1771 aad
670 1723 733 1788 quo
746 1723 821 1770 eum
838 1704 998 1771 abducat“
1015 1704 1239 1788 [abducereti]
1253 1704 1367 1788 (Mein.
1379 1704 1422 1770 V.
1436 1724 1469 1788 p.
1487 1705 1584 1784 205).

342 1813 390 1882 Pl.
414 1819 475 1877 411
504 1815 696 1879 κατακλίνειν
720 1812 820 1877 αὐτὸν
845 1812 889 1890 εἰς
910 1809 1115 1891 Ἀσκληπιοῦ,
1145 1814 1205 1878 621
1236 1815 1293 1878 τὸν
1325 1813 1585 1892 θεὸν-ἄγωμεν

295 1923 341 2000 εἰς
364 1921 567 1999 Ἀσκληπιοῦ.
1372 1901 1376 1912 ’

343 2025 378 2109 α)
403 2027 473 2091 Iam
510 2028 591 2093 ordo
624 2045 735 2093 rerum
770 2027 846 2104 fert,
870 2032 908 2091 ut
931 2027 1065 2095 nemina
1101 2045 1256 2092 vasorum
1292 2028 1506 2110 aliorumque
1530 2046 1583 2090 re·

295 2133 542 2214 οορίαοαίονανι
566 2133 710 2205 afferam.
834 2196 837 2204 „
1295 2195 1300 2206 .
1438 2199 1440 2203 ,

343 2243 381 2304 Α.
408 2243 472 2306 184
496 2241 554 2318 κάς
577 2243 653 2320 ’τοὺς
676 2242 831 2321 τρίβωνας
854 2242 1060 2316 ξυνελέγοντο
1085 2246 1149 2306 τῶν
1172 2243 1280 2310 λίθων.
1297 2244 1361 2306 469
1379 2242 1424 2320 εἰς
1438 2243 1478 2308 τὸ
1499 2256 1581 2308 σπυ·
1637 2269 1638 2310 1

296 2349 397 2431 pitter
429 2347 523 2428 ἰσχνά
556 2369 607 2426 μοι
641 2351 777 2427 φυλλεῖα
801 2348 868 2424 δός.
897 2349 960 2411 745
985 2347 1029 2424 εἰς
1052 2347 1109 2412 τὸν
1132 2347 1488 2429 σάκκον-είσβαῖνετε
1518 2347 1581 2413 920

296 2453 490 2531 ἐνθεὶς-εἰς
514 2454 620 2533 τίφην.
647 2457 733 2522 1034
757 2453 1030 2532 σταλαγμὸν-εἰς
1053 2455 1111 2518 τὸν
1133 2456 1331 2534 καλαμίσκον
1362 2456 1578 2522 ἐνστάλαξον.

301 2561 386 2623 1063
411 2557 544 2642 (ἐγχέαι)
581 2558 625 2637 εἰς
658 2560 716 2624 τὸν
751 2559 936 2638 ἀλάβαστον
972 2559 1092 2624 κύαθον
1131 2559 1268 2638 εἰρήνης.
1303 2563 1387 2625 1068
1409 2558 1453 2626 ,ἵν’
1480 2561 1580 2626 οἶνον

296 2667 490 2747 ἐγχέω-εἰς
513 2667 590 2744 τοὺς
612 2664 696 2745 χόας
723 2672 780 2748 „ut
801 2665 912 2732 vinum
937 2665 1110 2732 infundam
1133 2667 1168 2731 in
1193 2668 1360 2749 congium,
1374 2669 1462 2749 quad
1480 2667 1579 2748 Blay·
1637 2651 1638 2700 ί

298 2773 410 2844 deeius
433 2793 607 2856 perperam
632 2774 689 2854 „iu
711 2775 830 2839 festum
856 2773 1000 2840 Choum“
1024 2773 1236 2855 interpretari
1252 2775 1393 2840 videtur.
1413 2774 1460 2841 ct
1477 2776 1578 2842 1086.
1637 2785 1638 2792 ’

300 2883 384 2946 1186
410 2881 454 2958 εἰς
478 2881 661 2960 ὑδρορρόαν
682 2882 804 2961 πεσών,
829 2899 925 2962 quem
949 2899 1079 2949 versum
1107 2886 1280 2963 totumque
1305 2901 1379 2948 eum
1405 2883 1577 2967 ineptissi-

297 3004 386 3052 mum
410 2989 519 3052 locum
544 2987 654 3064 Mein„
678 2987 888 3070 Blaydesium
913 2994 1059 3066 secutae,
1082 2989 1116 3054 in
1139 2989 1319 3073 marginem
1342 2991 1470 3060 reiecit.

342 3093 379 3166 Ν.
404 3100 469 3160 404
506 3077 585 3162 όταν
619 3097 663 3174 εἰς
696 3097 813 3175 ταύτας
848 3099 907 3179 (-..=
922 3099 980 3175 τὰς
1013 3096 1166 3176 νεφέλας)
1191 3097 1573 3182 ἄνεμος-κατακλῃσθῇ.

297 3204 359 3270 ant
388 3201 560 3282 εἰ-αῦτὴν
585 3203 642 3284 (-..:
656 3205 714 3282 τὴν
738 3203 890 3287 σελήνην)
916 3198 1104 3281 καθείρξαιμ’
1129 3203 1173 3280 εἰς
1196 3207 1332 3284 λοφεῖον
1360 3206 1572 3283 στρογγύλον.

344 3305 385 3374 V.
408 3312 474 3372 440
498 3311 603 3376 κλάειν
614 3312 735 3389 τέτταρ’
749 3310 793 3389 εἰς
806 3312 864 3387 τὴν
876 3311 1006 3389 χοίνικα,
1031 3309 1088 3375 ubi
1112 3310 1226 3376 schot:
1251 3311 1320 3376 ἀντὶ
1343 3313 1380 3375 δέ
1391 3315 1449 3377 τοῦ
1474 3313 1575 3378 εἰπεῖν
1637 3383 1638 3392 ³

297 3416 419 3482 πέττειν
453 3419 503 3481 καὶ
538 3419 711 3496 διαρτίξειν,
737 3418 843 3486 κλάειν
879 3415 965 3483 εἶπεν
989 3421 1023 3480 et
1048 3413 1098 3480 ὅτι
1121 3416 1165 3495 εἰς
1188 3419 1246 3495 τὴν
1267 3419 1390 3498 ,χοίνικα
1413 3421 1573 3497 τέσσαρες

296 3523 427 3602 μεγάλοι
463 3523 553 3602 ἄρτοι
587 3526 753 3600 γίγνονται,
778 3523 1129 3601 praenuntiante
1159 3523 1259 3608 igitur
1282 3525 1380 3592 huius
1404 3527 1470 3592 leui
1494 3543 1569 3592 sen·

296 3627 433 3694 tentiam
458 3630 506 3694 ita
533 3629 697 3710 expressit
730 3627 927 3695 Brunckiua:
965 3633 1140 3711 „quattuor
1164 3648 1334 3698 mensuras
1358 3633 1569 3700 lacrimarum

296 3733 433 3801 fundere
468 3735 501 3801 in
539 3736 765 3815 choenicem“;
789 3738 887 3816 χοῖνιξ
922 3736 1001 3803 item
1037 3736 1187 3820 ambigue
1211 3738 1334 3805 dietum
1359 3745 1420 3806 est:
1445 3741 1569 3817 οὐγὰρ

296 3842 398 3922 μόνον
432 3844 470 3908 τὸ
507 3844 631 3923 μέτρον,
656 3844 737 3910 ἀλλὰ
769 3846 820 3908 καὶ
853 3846 910 3922 τὰς
943 3845 1042 3922 πέδας
1074 3845 1217 3923 σημαίνει
1239 3846 1276 3912 τὸ
1302 3843 1405 3928 ὄνομα
1429 3845 1570 3932 (sehet).

301 3951 385 4014 1056
409 3951 448 4014 τὰ
471 3950 934 4030 νοήματα-εἰσβάλλετε-εἰς
969 3953 1027 4030 τὰς
1058 3953 1222 4032 κιβωτοῦς.
1250 3955 1469 4022 1162-1163
1494 3953 1569 4020 ἀπό-

297 4052 471 4138 βαιν’-είς
506 4059 564 4136 τήν
598 4059 776 4136 λακωνικλν
811 4057 1111 4152 ἀνύσας-ἀδικεῖς
1140 4062 1177 4137 γέ
1199 4082 1244 4141 με,
1270 4061 1314 4141 εἰς
1337 4063 1396 4142 τήν
1419 4061 1569 4142 πολεμίαν

297 4162 503 4243 ἀποβιβάζων
538 4165 595 4229 τὸν
629 4163 725 4245 πόδα,
749 4163 805 4228 ubi
836 4166 951 4230 seinai:
987 4165 1051 4245 ἅμα
1075 4168 1132 4246 μέν
1155 4170 1238 4246 πρὸς
1261 4168 1298 4232 τὸ
1322 4168 1483 4250 ὑπόδημα,
1508 4167 1569 4246 ἅμα

296 4271 333 4334 δὲ
355 4271 438 4348 πρὸς
458 4272 515 4349 τὴν
543 4272 664 4351 χώραν.

342 4376 378 4443 Ρ.
403 4381 466 4443 865
492 4378 536 4458 εἰς
560 4379 663 4459 ὄχημα
680 4415 720 4428 -
738 4380 859 4460 ἐπιβάς.
898 4381 983 4446 1242
1009 4381 1168 4462 μόλυβδον
1204 4382 1248 4460 εἰς
1282 4385 1370 4447 τουτὶ
1402 4385 1568 4449 τὸκοῖλον
1637 4385 1638 4408 i

295 4485 420 4564 ἐγχέας.
