3326 5372
817 497 856 504 -
880 433 947 522 '164
973 495 1007 504 -

284 624 507 704 confirmatur,
532 645 671 709 quorum
696 627 834 694 alterum
859 633 910 691 est
946 625 1068 695 Herod.
1102 615 1130 698 θ,
1170 630 1203 688 11
1241 626 1291 691 ἐπὶ
1325 627 1421 703 ξυροῦ
1461 589 1566 703 ἀκμῆς
1633 649 1634 656 “

286 733 388 813 ἔχεται
411 732 486 810 ἡμῖν
506 736 544 798 τὰ
567 736 745 814 πρήγματα,
759 735 897 799 alterum
922 732 1019 813 Soph.
1046 736 1119 798 Ant.
1141 735 1223 798 1141
1246 734 1347 812 βιαίας
1364 732 1468 811 ἔχεται
1487 731 1563 794 πάν-

287 847 388 920 δαμος
412 841 506 918 πόλις
530 841 580 905 έπλ
602 843 715 918 νόσου,
742 859 824 923 quae
849 839 977 923 quidem
1003 839 1052 906 illi
1077 859 1155 908 sane
1181 843 1259 907 item
1299 858 1357 922 pro
1394 839 1565 938 corruptis

283 949 525 1014 habent-231
550 955 584 1012 et
601 950 664 1013 232
682 949 722 1013 οὐ
748 954 908 1028 στήσομαι
931 950 1026 1014 λέαιν’
1049 950 1100 1014 ἐπὶ
1122 949 1383 1027 τυροκνήστιδος.
1409 948 1477 1012 923
1496 935 1562 1011 αἰσ-

282 1055 457 1137 χρὸν-ἐπί
479 1045 586 1130 τόνου,
612 1053 667 1121 αδί
692 1057 915 1120 συνουσιάζειν
938 1056 990 1119 vel
1022 1059 1226 1121 κατακεῖσθαι
1261 1055 1312 1119 vel
1348 1055 1458 1120 simile
1486 1051 1566 1133 quid

283 1162 480 1227 audiendum
505 1169 565 1227 est.
1506 1145 1511 1152 ’

328 1270 387 1334 Th.
413 1273 476 1334 693
498 1267 604 1336 ἐνθάδ’
630 1271 766 1336 ἐπὶτῶν
790 1271 911 1349 μηρίων
933 1273 1053 1349 πληγὲν
1068 1271 1252 1351 -φοινίας
1287 1269 1410 1350 φλέβας
1440 1285 1567 1348 „super

284 1379 441 1457 femora“,
467 1377 553 1459 quod
576 1377 657 1442 bene
691 1377 792 1443 schol.
816 1379 1063 1458 interpretatur:
1097 1381 1162 1442 τῶν
1198 1381 1315 1456 βωμῶν
1351 1375 1421 1458 („in
1457 1373 1569 1456 ara“),

285 1477 348 1550 ἆπὸ
372 1487 429 1548 τοῦ
454 1487 492 1550 τὰ
515 1485 609 1562 μηρία
632 1485 741 1551 ἐπάνω
766 1484 963 1560 ἀποκεῖσθαι,
989 1485 1052 1550 nisi
1077 1483 1165 1570 quod
1189 1484 1315 1548 rectius
1340 1485 1390 1548 ἐπὶ
1412 1486 1472 1546 τοῦ
1502 1486 1564 1560 βω-

286 1595 345 1670 μοῦ
370 1590 518 1655 dixisset.
559 1589 711 1657 Ceterum
739 1589 971 1672 Bakhuyzenus
993 1590 1080 1657 hunc
1104 1589 1210 1654 locum
1238 1588 1395 1653 exhibere
1424 1584 1567 1667 Telephi.

284 1697 456 1780 Euripidei
479 1697 648 1779 parodiam
672 1705 762 1762 recte
787 1715 923 1762 censere
947 1698 1077 1762 videtur
1101 1701 1147 1777 (p.
1174 1697 1262 1772 120).
1484 1781 1488 1788 Ι
1553 1691 1556 1700 ’

329 1805 366 1875 R.
393 1807 455 1870 928
479 1805 528 1869 ἐπ’
552 1806 699 1870 ἀσπίδων
722 1805 860 1882 ἐπόντας
881 1807 1103 1882 γρυπαιέτους.
1130 1807 1215 1868 1403
1246 1801 1299 1883 ἐφ’
1335 1802 1479 1882 ἅρματος
1504 1803 1569 1896 γιίιμ1

285 1915 368 1995 ἅρμα
391 1918 442 1982 καὶ
465 1922 566 1995 νεκρῷ
590 1916 714 1994 νεκρός,
742 1933 838 1997 quem
863 1933 994 1982 versum
1020 1916 1106 1997 apud
1139 1915 1335 1998 Aeschylum
1360 1913 1568 1995 sequebatur·

283 2025 373 2090 ἵπποι
396 2022 424 2087 δ’
450 2021 502 2103 ἐφ’
526 2023 634 2102 ἵπποις
658 2022 743 2102 ἦσαν
767 2025 1003 2103 ἐμπεφυρμένοι
1026 2023 1069 2108 (ν.
1088 2024 1189 2088 schol.
1209 2021 1289 2087 Eur.
1305 2021 1428 2087 Phoen.
1447 2019 1561 2101 1194).

283 2131 356 2196 Non
381 2133 451 2195 sine
477 2145 576 2195 causa
599 2132 688 2195 viros
712 2130 828 2195 doctos
852 2127 985 2195 offendit
1008 2129 1138 2196 diversa
1162 2129 1308 2195 eiusdem
1341 2127 1568 2218 praepositio-¹

285 2239 336 2303 nis
360 2237 394 2301 in
419 2235 533 2300 eodem
557 2253 653 2301 versu
677 2237 876 2301 coniunctio.
903 2235 1022 2314 Quare,
1047 2241 1084 2300 ut
1108 2236 1190 2302 alios
1209 2237 1367 2313 omittam,
1385 2233 1567 2305 Velseuu's,

284 2342 575 2425 praua'scriptura
600 2341 724 2409 codicis
748 2343 782 2404 M
815 2348 938 2420 νεκρῶν
961 2344 1067 2418 nixus,
1105 2343 1332 2428 corrigendum
1366 2345 1484 2420 νεκροῦ
1511 2359 1567 2405 su·-

288 2453 445 2532 spicatur.
471 2449 536 2515 Sed
559 2449 616 2513 illa
639 2449 739 2514 lectio
764 2449 1008 2514 evidentissime
1033 2470 1050 2515 e
1076 2451 1239 2532 scriptura
1273 2453 1387 2529 νεκρῶι
1418 2449 1482 2515 aut'
1501 2465 1566 2530 per

285 2559 538 2641 imprudentiam
563 2563 635 2621 orta
659 2562 720 2632 est,
745 2562 803 2621 aut
826 2556 939 2622 dedita
976 2575 1076 2640 opera
1113 2557 1346 2642 congruentiae
1381 2553 1562 2638 aequalita-

285 2665 393 2749 tisque
418 2682 518 2730 causa
542 2682 601 2744 pro
625 2681 703 2728 vera
726 2670 828 2746 νεκρῷ
853 2663 1030 2728 substituta
1054 2672 1114 2729 est:
1138 2684 1213 2729 nam
1239 2663 1386 2746 quamvis
1410 2663 1498 2727 mira
1522 2659 1569 2724 sit
1637 2699 1638 2706 ι

287 2758 380 2838 nobis
402 2772 530 2854 quidem
554 2771 635 2835 haec
662 2769 779 2851 duplex
815 2771 1028 2848 constructio,
1063 2771 1236 2837 retinenda
1272 2777 1382 2835 tamen
1420 2770 1566 2860 videtur,

288 2880 407 2962 quippe
433 2894 518 2966 quae
543 2882 577 2942 et
600 2875 829 2957 Aristophanis
854 2877 1110 2950 coscholiastae
1125 2876 1297 2959 Euripidei
1318 2875 1468 2941 codicum
1487 2879 1565 2940 con¹

287 3005 387 3053 sensu
410 2985 612 3050 defendatur,
1548 2977 1550 2986 “

330 3093 389 3158 Εα.
416 3096 478 3156 756
502 3095 530 3157 τί
552 3087 620 3170 δῆτ’
646 3093 695 3157 ἐπὶ
718 3093 848 3171 στοίχου
873 3091 954 3156 ’στίν
978 3093 1099 3170 οὕτως
1130 3093 1183 3174 „in
1203 3093 1322 3169 linea“‚
1340 3091 1362 3155 i.
1380 3109 1407 3154 e.
1429 3089 1567 3172 „ordine

287 3205 407 3266 stant“.
1467 3281 1469 3290 Ι
1506 3183 1520 3226 ’-

332 3307 381 3371 Pl.
407 3309 470 3371 256
497 3306 641 3389 (tetram.
667 3307 779 3390 iamb.)
804 3307 823 3372 ὁ
848 3303 1070 3385 καιρὸς-ἔστ’
1093 3305 1140 3372 ἐπ’
1166 3307 1266 3385 αὐτῆς
1289 3310 1345 3384 τῆς
1369 3293 1479 3386 ἀκμῆς
1512 3299 1566 3384 „in

288 3415 360 3496 ipso
385 3414 556 3478 articulo“.
582 3417 644 3479 382
670 3416 719 3479 ἐπὶ
746 3417 802 3479 τοῦ
837 3415 978 3491 βήματος
1013 3414 1259 3492 καθεδούμενον.
1297 3416 1359 3476 996
1396 3405 1472 3475 τάπὶ
1507 3409 1565 3472 'rod

287 3521 420 3598 πίνακος
442 3522 626 3598 τραγήματα
650 3522 779 3586 έπόντα.
1534 3579 1536 3584 ,

332 3626 384 3693 Fr.
413 3629 475 3690 133
500 3628 548 3691 ἐπὶ
571 3630 629 3690 τοῦ
653 3630 845 3704 περιδρόμου
872 3630 979 3691 στᾶσα
1001 3630 1058 3703 τῆς
1079 3625 1243 3703 συνοικίας
1270 3625 1340 3708 „in
1359 3607 1484 3688 ambitu
1512 3639 1562 3686 co·

286 3733 533 3799 habitationis“.
559 3737 633 3813 281,
659 3739 676 3797 2
702 3733 833 3814 καθηῦδ’
858 3737 908 3802 ἐπὶ
927 3739 983 3799 τοῦ
1008 3735 1176 3816 λυχνιδίου.
1208 3739 1285 3807 474,
1311 3735 1329 3795 2
1354 3733 1404 3798 ἐπὶ
1427 3735 1483 3797 τοίι
1509 3752 1561 3796 κο·

289 3841 429 3920 ρήματος
449 3843 618 3918 καθέζομαι
644 3841 696 3922 „in
721 3842 904 3908 sordibus“.
931 3847 995 3906 544
1020 3842 1294 3920 τίς-έστιν-ἐπὶ
1319 3843 1383 3905 τῶν
1408 3843 1566 3921 κοχωνῶν·

291 3951 343 4030 ,,ίιι
369 3949 551 4027 clunibus“‚
576 3957 612 4014 ut
634 3951 780 4018 Kockius
804 3951 843 4018 de
868 3951 1057 4018 coniectura
1082 3951 1194 4016 edidit.
1221 3952 1298 4033 (557
1317 3954 1495 4019 κατακαίειν
1511 3942 1561 4017 ἐπί

288 4058 441 4135 φαλήτων
467 4058 607 4122 συκίνων
631 4059 794 4124 ἑκκαίδεκα
821 4061 873 4142 „in
898 4059 1039 4125 sedecim
1075 4057 1192 4140 phaliis
1216 4058 1395 4138 ficulnis“).

333 4161 485 4228 Seorsum
512 4165 672 4247 agendum
698 4185 813 4232 censeo
839 4168 878 4232 de
902 4163 1061 4232 vehiculis
1084 4166 1310 4245 iumentisque,
1347 4167 1465 4247 quibus
1489 4164 1563 4250 quis

287 4269 418 4335 vehitur
441 4271 493 4334 vel
516 4270 636 4338 vehens
661 4272 785 4355 aliquid
807 4273 893 4339 facit.
1509 4249 1512 4260 ’

333 4379 370 4442 Α.
398 4381 432 4442 71
463 4377 514 4459 ἐφ’
541 4381 1003 4461 ἁρμαμαξῶν-κατακείμενοι.
1275 4457 1278 4464 .

333 4487 370 4552 Ε.
397 4489 461 4551 968
486 4485 538 4568 ἐφ’
563 4489 704 4567 ἅρματος
726 4493 850 4567 χρυσοῦ
875 4489 977 4554 διώξει
1000 4475 1157 4566 Σμικύθην
1181 4492 1231 4553 καὶ
1255 4489 1373 4566 κύριον.

279 4598 283 4606 ’
326 4591 367 4656 P.
393 4595 432 4658 81
459 4581 674 4672 αἴρεται-ἐπί
696 4597 753 4658 τοῦ
778 4598 950 4673 κανθάρου.
976 4598 1038 4658 699
1065 4596 1123 4660 κᾶν
1147 4595 1197 4660 ἐπὶ
1222 4596 1312 4673 ῥιπὸς
1336 4595 1435 4659 πλέοι.
1462 4593 1471 4666 f
