3328 5370
845 485 1017 548 ..62-

337 653 394 720 Th.
419 656 484 718 954
509 653 605 736 όρμα,
628 657 723 734 χιίιρει
747 632 855 734 κοῦφα
876 652 986 732 ποσίν,
1010 650 1070 732 ἄγ’,
1096 649 1139 728 εἰς
1163 648 1289 726 κύκλον,
1311 648 1366 712 ubi
1386 647 1439 724 είς
1457 667 1486 712 κ.
1507 659 1574 708 cum

292 763 386 842 χώρει
411 760 673 845 coniungendam
699 760 819 827 docent
842 761 897 826 hln
920 759 985 835 nd„
1020 761 1058 824 ut
1080 757 1243 823 sententia
1267 755 1323 822 sit:
1349 751 1516 837 „concita
1537 754 1575 827 te,

292 885 352 950 age
375 869 518 950 procede
545 867 702 934 celeriter
725 868 861 951 pedibus
885 867 919 933 in
944 865 1091 932 σπαρείς
1115 864 1160 942 εἰς
1184 863 1300 930 κύκλον
1336 865 1455 928 nutem
1496 856 1577 922 iden

293 979 343 1042 est
366 980 465 1060 atque
489 977 638 1043 κυκλόσε.

337 1081 390 1150 Fr.
416 1086 491 1164 580,
516 1086 535 1148 2
559 1083 691 1162 ξυνέζης
714 1081 759 1160 εἰς
781 1086 821 1148 τὰ
843 1082 933 1148 πόλλ’
948 1061 1108 1164 Ἐὐριπίδῃ
1128 1077 1368 1161 ,ρίετιιιιιριιοί
1383 1075 1447 1143 vel
1468 1071 1579 1156 „nint

337 1187 392 1252 IV.
416 1186 534 1253 Restat
555 1206 641 1254 unus
665 1187 759 1254 loeus
1238 1178 1241 1186 ’

337 1291 390 1356 Fr.
417 1294 481 1356 724
504 1294 635 1372 πέμπειν
658 1294 734 1372 τοὺς
758 1294 802 1372 είς
837 1293 999 1374 ἀφορμήν,
1035 1293 1091 1359 ubi
1126 1311 1197 1356 curn
1229 1291 1268 1356 de
1304 1294 1425 1371 poetae
1468 1282 1580 1354 verbis

294 1394 424 1460 omnino
448 1413 513 1462 non
537 1401 673 1474 constet,
697 1397 936 1482 praepositioni
966 1416 1094 1480 quoque
1129 1414 1214 1480 quoe
1244 1395 1293 1460 vis
1330 1394 1494 1460 subiecta
1531 1391 1580 1472 sit,

293 1501 500 1584 ignoramus,
521 1504 717 1587 praesertim
741 1523 814 1569 curn
839 1523 954 1570 versus
980 1508 1153 1585 corruptus
1179 1503 1232 1568 sit.

337 1607 378 1674 V.
404 1607 475 1676 Nec
498 1611 590 1694 prius
614 1610 712 1678 huius
736 1610 971 1693 disputationis
996 1609 1093 1678 finem
1121 1609 1250 1688 faciam,
1271 1627 1367 1692 quarn
1385 1608 1427 1672 de
1450 1606 1582 1686 aliquot

293 1714 401 1780 verbis
424 1716 578 1797 ponendi,
603 1716 774 1794 condendi,
801 1715 1004 1798 considendi,
1041 1716 1253 1786 conveniendi
1280 1714 1352 1780 sim.
1376 1713 1504 1798 paucis
1530 1726 1580 1774 er-

294 1839 446 1903 posuero.
471 1822 644 1889 Eiusmodi
661 1823 761 1890 verba
776 1824 864 1906 apud
879 1824 934 1892 Ατ.
950 1825 1031 1890 haec
1053 1824 1273 1890 inveniuntur:
1290 1823 1407 1888 τιθέναι
1423 1820 1578 1904 (κατα-,

295 1929 399 2012 ἐν-),
425 1930 626 2011 κατακλείειν,
651 1930 814 2008 ἀφανίζειν
838 1931 963 2014 ἑαυτόν,
987 1931 1254 2010 ἀποκρύπτεσθαι,
1272 1929 1479 2002 κατακλείειν,
1508 1928 1578 1989 καθ-

296 2039 419 2116 είργειν,
444 2037 665 2116 κρεμαννύναι,
690 2039 863 2114 συλλέγειν,
888 2040 1119 2120 συναθροίζειν,
1148 2040 1303 2118 παρεῖναι,
1336 2037 1478 2113 ἱστάναι,
1508 2034 1576 2098 καθ·

303 2149 426 2221 ζεσθαι,
463 2143 582 2222 ἀπο-,
614 2143 782 2222 ἐμβάπτειν
806 2144 929 2210 etalio
959 2144 1088 2228 generis
1113 2144 1272 2210 eiusdem.
1309 2143 1403 2220 Quae
1428 2158 1513 2206 curn
1539 2135 1574 2202 si·

301 2249 368 2312 mol
392 2253 425 2312 et
449 2249 569 2331 quietis
594 2257 629 2317 et
652 2256 759 2318 motus
783 2252 950 2318 notionem
977 2251 1176 2329 contineant,
1208 2250 1331 2316 idcirco
1356 2255 1390 2314 et
1413 2249 1447 2315 ἐν
1475 2250 1514 2310 et
1537 2242 1573 2316 εἰς

300 2354 574 2438 ρτιοροείίίοαεε
589 2356 777 2434 admittunt
801 2374 865 2437 que
887 2355 920 2422 in
946 2375 981 2420 re
1005 2362 1118 2422 nostra
1140 2355 1252 2440 lingua
1274 2355 1395 2420 mirum
1411 2354 1574 2436 quantum

302 2479 375 2526 curn
401 2460 527 2527 Graeca
564 2463 725 2528 convenit.
759 2459 885 2546 ltaque,
907 2479 981 2528 cum
1006 2463 1168 2542 eiusmodi
1195 2462 1329 2528 verbum
1360 2459 1510 2542 quietem
1536 2453 1575 2520 si·

300 2568 442 2654 gnificat,
468 2571 553 2641 solet
577 2571 607 2636 ei
632 2573 667 2637 ἐν
689 2570 853 2652 subiungi3
878 2571 930 2639 sin
948 2578 1073 2649 motum
1091 2570 1202 2654 aliquo
1219 2569 1393 2646 directum,
1412 2567 1456 2646 εἰς
1473 2577 1576 2646 appo·

300 2675 399 2745 nitur.

345 2785 386 2848 R.
413 2786 497 2851 1522
521 2783 566 2864 εἰς
600 2785 657 2849 τὸν
692 2788 791 2852 θᾶκον
821 2785 1042 2861 ἐγκαθεδεῖται,
1082 2784 1139 2852 sed
1176 2783 1217 2850 Ε.
1244 2781 1307 2848 750
1333 2780 1519 2862 καθιζοίμην
1543 2773 1574 2838 ἐν

301 2890 387 2977 ἄλλῳ
404 2893 521 2977 χωρίῳ.

345 2997 382 3063 Ν.
402 3002 463 3062 751
484 2997 672 3078 καθείρξαιμ’
687 2998 731 3076 εἰς
745 3001 890 3078 λοφεῖον,
909 3003 1024 3065 contre
1041 2999 1100 3064 Av.
1120 3003 1203 3066 1085
1223 2999 1408 3079 εἱργμένους
1429 2995 1462 3060 ἐν
1478 2990 1571 3070 αὐλῇ.

345 3107 404 3171 Ar.
428 3108 492 3170 437
517 3106 717 3185 κρεμάσατον
741 3105 785 3186 εἰς
808 3108 866 3172 τὸν
890 3106 990 3189 ἰπνόν,
1027 3105 1084 3171 sed
1122 3107 1158 3169 Α.
1196 3110 1259 3171 279
1296 3106 1331 3170 έν
1364 3109 1409 3187 τῷ
1433 3098 1572 3181 φεψάλψ

303 3211 502 3291 κρεμήσεται.

345 3321 384 3384 Α.
409 3322 472 3387 920
496 3320 597 3400 ἐνθεὶς
620 3320 664 3400 εἰς
686 3322 790 3402 τίφην.
818 3322 875 3385 Ec.
902 3325 963 3386 346
989 3322 1033 3400 εἰς
1065 3325 1109 3387 τὼ
1135 3322 1280 3399 κοθόρνω
1305 3320 1415 3396 ἐνθείς
1446 3315 1483 3385 L·
1513 3313 1571 3376 185

302 3430 355 3506 θές
381 3428 424 3506 εἰς
447 3430 484 3492 τὸ
508 3429 661 3507 πρόσθεν.
685 3429 744 3492 Ευ.
769 3433 832 3494 602
858 3429 902 3506 εἰς
925 3432 961 3493 τὸ
986 3432 1086 3509 μέσον
1119 3434 1299 3508 καταθήσει.
1336 3428 1394 3491 Ec.
1431 3425 1489 3488 681
1530 3418 1571 3492 εἰς

302 3537 359 3613 τὴν
382 3536 504 3614 ἀγορὰν
528 3535 710 3614 καταθήσω,
735 3536 793 3601 sed
812 3534 855 3599 Ε.
885 3538 967 3600 1369
993 3538 1130 3615 ἐντεθεὶς
1153 3539 1187 3602 ἐν
1214 3537 1391 3620 καταλόγῳ.

345 3641 419 3706 Alie
442 3642 591 3724 exempla
613 3639 695 3707 haec
718 3642 811 3706 addo:

239 3773 242 3780 ¹
350 3752 381 3832 1)
404 3749 458 3814 ubi
483 3749 582 3816 verbo
615 3750 659 3828 εἰς
683 3749 787 3815 solnm
813 3749 1032 3834 subiungitur:

346 3856 398 3921 ἀπ
410 3877 428 3919 o
443 3878 460 3920 κ
472 3877 490 3934 ρ
503 3857 521 3920 ύ
534 3879 557 3921 π
568 3878 585 3921 τ
597 3878 612 3920 ε
625 3873 648 3921 σ
661 3862 679 3920 θ
692 3878 712 3920 α
725 3876 744 3921 r:
770 3858 809 3924 Ε.
834 3861 899 3922 424
923 3858 1206 3939 ἀποκρυπτόμενος
1229 3859 1274 3939 εἰς
1296 3861 1341 3923 τὼ
1366 3858 1501 3938 κοχώνα.

346 3963 608 4042 ἀφανίζεινε
634 3961 684 4028 ΡΙ.
711 3967 769 4027 741
798 3966 959 4044 ἠφάνισεν
984 3967 1083 4030 αὑτὸν
1107 3965 1151 4043 εἰς
1173 3967 1231 4030 τὸν
1254 3967 1346 4033 νεών.

346 4073 646 4154 κατακλῄεινε
671 4069 712 4134 N.
736 4076 802 4136 424
827 4073 871 4154 εἰς
902 4073 1019 4150 ταύτας
1043 4079 1254 4157 κατακλῃσθῇ.

347 4177 663 4242 κατακλίνειν;
698 4177 734 4240 V.
763 4181 833 4272 124
849 4180 1027 4244 κατέκλινεν
1052 4179 1095 4258 εἰς
1119 4177 1323 4258 Ἀσκληπιοῦ.
1358 4178 1406 4243 Pl.
1432 4183 1491 4242 411
1519 4193 1567 4240 κα·
1635 4205 1636 4210 ¹

302 4284 455 4349 τακλίνειν
479 4283 523 4361 εἰς
548 4280 751 4362 Ἀσκληπιοῦ.

347 4391 603 4468 ξυλλέγεινῑ
637 4393 673 4455 Α.
701 4395 763 4456 184
788 4394 845 4472 κάς
868 4395 945 4472 τοὺς
969 4395 1126 4474 τρίβωνας
1149 4396 1355 4471 Ξυνελέγοντο
1378 4398 1444 4460 τῶν
1467 4394 1564 4460 λίθων,

346 4502 579 4576 παρεῖναι;
604 4495 642 4588 E.
670 4503 729 4563 751
756 4497 880 4580 παρεῖν’
906 4500 950 4579 εἰς
973 4503 1031 4580 τήν
1060 4502 1182 4566 Πύκνα.
1223 4501 1281 4565 Ec.
1316 4505 1378 4563 283
1415 4503 1564 4579 παροῦσιν

305 4603 349 4686 εἰς
371 4609 428 4684 τὴν
452 4607 573 4673 Πύκνα.
