3326 5372
847 494 1043 556 —194--

306 678 427 744 genere
466 664 501 724 et
538 657 687 741 personis
722 657 783 741 (α),
820 663 855 724 et
892 658 990 726 rebus
1022 659 1079 742 (β),
1109 661 1196 742 quod
1219 657 1361 740 saepius
1397 656 1572 734 inuenitur,

307 765 504 848 adiungitur.
930 798 932 807 ·

351 875 385 957 α)
409 871 446 938 Ρ.
471 875 489 934 7
495 875 535 936 26
558 866 633 950 παρ’
656 871 757 950 αὐτην
780 873 837 949 τὴν
860 872 945 948 θεόν,
969 872 1025 938 ubi
1060 889 1100 938 en
1122 871 1278 955 proximis
1305 869 1501 936 audiendum
1524 873 1575 934 est

307 981 489 1061 καταβήσει.
1643 1023 1644 1076 p

351 1089 383 1171 β)
404 1088 440 1152 Α.
467 1088 529 1152 996
547 1073 641 1162 ’παρὰ
663 1085 756 1152 τόνδε
780 1087 837 1168 (=
852 1087 909 1153 τὸν
933 1087 1103 1165 ἀμπελίδος
1128 1083 1239 1170 ὄρχον)
1262 1085 1495 1164 νέαμοσχίδια
1518 1098 1573 1148 ou·

305 1195 401 1260 κίδων
425 1193 486 1275 (sc.
511 1191 636 1272 ἐλάσαι)
661 1209 791 1272 „anons
816 1194 1079 1273 napamensuo“.
1496 1197 1497 1202 ’
1643 1177 1644 1214 ³

351 1300 389 1364 V.
416 1300 501 1364 1520
525 1303 645 1376 πηδᾶτε
668 1302 755 1377 παρὰ
778 1301 929 1378 ψάμαθον
952 1302 1003 1366 καί
1026 1300 1086 1367 θίν’
1108 1300 1188 1378 ἁλὸς
1211 1299 1396 1378 ἀτρυγέτου.

351 1411 409 1471 Au.
435 1409 498 1470 390
523 1408 632 1472 καὶτὸ
655 1408 735 1485 δόρυ
759 1408 831 1486 χρή,
853 1408 912 1473 τὸν
935 1406 1124 1486 canturos
1137 1411 1319 1486 περιπατεῖν
1343 1407 1478 1486 ἔχοντας
1493 1405 1574 1485 ἡμᾶς

298 1497 371 1578 1τῶν
405 1509 516 1578 ὅπλων
551 1511 652 1588 ἐντός,
687 1508 762 1589 παρ’
796 1511 897 1589 αὐτὴν
933 1513 991 1589 τὴν
1025 1511 1143 1590 χύτραν
1175 1511 1275 1590 ἄκραν
1298 1509 1445 1590 ὁρῶντας
1469 1511 1574 1588 ἐγγύς.

306 1617 397 1684 Haec
419 1616 519 1684 lectio
543 1637 562 1682 a
585 1618 734 1686 Dawesio
769 1619 922 1686 instituta
957 1623 1017 1696 est;
1040 1617 1118 1684 libri
1151 1618 1285 1700 plurimi
1319 1625 1353 1684 et
1376 1617 1497 1699 optimi
1521 1619 1576 1682 ha·

305 1725 385 1790 bont
405 1728 492 1804 παρὰ
514 1727 572 1804 τὴν
593 1725 711 1805 χύτραν
735 1724 835 1802 ἄκραν
866 1726 974 1808 αὐτήν,
999 1725 1183 1820 deteriores
1207 1725 1272 1790 duo
1295 1723 1370 1804 παρ’
1393 1724 1496 1804 αὐτὴν
1520 1727 1575 1803 τήν

306 1855 335 1912 χ.
359 1832 429 1910 ἄκρ.
454 1832 523 1896 αὐτ.
548 1829 611 1896 Sed
633 1830 803 1896 Dawesius
825 1830 963 1897 dimidio
987 1832 1095 1897 locum
1120 1832 1257 1898 sanarit:
1277 1850 1350 1898 nam
1375 1831 1408 1897 in
1433 1832 1510 1898 eius
1533 1832 1574 1897 lo-

306 1939 414 2004 ctione
438 1938 628 2016 tntisper,
652 1942 710 2002 aut
734 1936 878 2017 δρῶντας
901 1939 1056 2005 vitiosum
1083 1944 1145 2006 est.
1169 1937 1324 2005 Omnium
1349 1935 1574 2004 facillimam·

305 2046 401 2112 detur
424 2045 556 2114 Bentlei
579 2043 776 2121 emendatio,
802 2045 858 2127 qui
881 2063 939 2127 pro
964 2046 1064 2124 ἄκραν
1094 2046 1212 2128 reponi
1234 2046 1327 2112 iubet
1348 2045 1457 2124 ἄντην.
1483 2046 1574 2113 Geto-

307 2170 391 2236 rum,
414 2157 490 2217 utut
513 2168 567 2218 res
592 2168 627 2216 se
649 2149 755 2226 hebet,
780 2151 880 2216 verba
903 2154 976 2231 παρ’
1000 2153 1098 2229 αὐτὴν
1130 2155 1188 2232 τὴν
1211 2154 1328 2234 χύτραν
1348 2170 1422 2217 cum
1446 2173 1573 2232 περιπα-
1644 2189 1645 2200 1

306 2263 372 2322 rein
396 2256 624 2340 coniungenda
648 2262 734 2321 sunt.

348 2363 386 2427 R.
413 2366 499 2428 1068
521 2365 608 2440 παρὰ
630 2364 707 2441 τοὺς
730 2362 818 2442 ἰχθῦς
842 2363 1011 2441 ἀνέκυψεν.

352 2469 384 2552 c)
405 2469 471 2536 Ubi
495 2487 533 2533 ex
556 2468 677 2544 verbis,
703 2469 850 2552 quietum
886 2475 1007 2536 statum
1032 2469 1270 2536 relectionem
1307 2467 1573 2552 significantibus,

309 2575 511 2658 praepositio
546 2575 610 2640 hoc
633 2594 731 2642 sensu
764 2576 894 2658 pendet,
917 2576 1109 2658 plerumque
1135 2593 1208 2642 cum
1232 2575 1340 2652 rebus,
1365 2577 1474 2642 rarius
1500 2595 1571 2641 cum

307 2685 457 2768 personis
482 2683 691 2767 coniungitur
708 2684 806 2766 (quae
831 2684 865 2749 in
888 2685 997 2750 dativo
1023 2685 1154 2766 saepius
1179 2685 1468 2766 ponuntur)-atque
1493 2703 1574 2752 sem·

305 2813 365 2876 per
392 2793 511 2874 „iuxta
536 2791 653 2873 apud“,
678 2810 842 2874 nunquam
867 2797 925 2857 aut
947 2792 1127 2876 rarissime.
1145 2792 1208 2858 nisi
1233 2791 1311 2874 quid
1334 2809 1386 2856 me
1410 2790 1505 2870 fallit,
1525 2795 1574 2876 „in

306 2898 446 2964 alicuius
470 2897 567 2962 domo
591 2897 643 2961 vel
666 2899 778 2965 terra“
803 2899 889 2964 velet
924 2918 1032 2981 neque
1067 2899 1164 2965 alicui
1188 2897 1312 2980 aliquid
1339 2916 1413 2964 esse
1437 2901 1491 2966 vel
1516 2900 1574 2966 ali-

188 3013 190 3024 ’
308 3022 405 3087 quem
429 2999 552 3085 aliquid
575 3001 696 3068 habere
720 3003 854 3071 indicat.

354 3110 387 3194 o)
409 3106 567 3174 Personis
591 3109 692 3192 igitur
714 3109 766 3175 his
789 3110 872 3176 locis
896 3110 1094 3194 adiungitur:

352 3215 393 3279 V.
421 3217 504 3280 1108
530 3216 559 3280 οἱ
583 3218 618 3281 δὲ
634 3218 721 3293 παρὰ
744 3218 819 3295 τοὺς
849 3218 961 3283 ἕνδεκα
985 3218 1045 3300 (sc.
1070 3218 1256 3301 δικάζουσι).

354 3322 412 3387 Th.
435 3325 499 3388 489
524 3323 681 3403 ἐρείδομαι
717 3326 804 3402 παρὰ
838 3327 895 3390 τὸν
918 3323 1034 3402 Ἀγυιᾶ,
1060 3343 1155 3406 quem
1184 3323 1292 3390 locum
1318 3324 1572 3407 Vogelreuterus

310 3433 355 3512 (p.
379 3429 435 3513 45)
459 3430 598 3495 ridicule
633 3430 674 3496 iis
710 3438 914 3510 annumerat,
941 3432 995 3496 ubi
1018 3433 1104 3511 παρά
1129 3435 1253 3496 motum
1278 3430 1388 3513 aliquo
1413 3432 1570 3498 directum

308 3537 451 3602 denotat
479 3540 562 3602 1193
586 3538 615 3601 τί
638 3538 677 3601 οὐ
702 3538 844 3603 κατεύδει
864 3537 939 3617 παρ’
963 3540 1026 3620 ἐμέ,
1052 3555 1134 3622 quae
1158 3536 1257 3602 verba
1280 3537 1421 3621 Scythae
1445 3545 1531 3608 sunt.

351 3642 404 3706 Fr.
431 3646 492 3708 126
516 3644 586 3722 ἤμει
607 3646 694 3721 παρὰ
717 3645 792 3721 τοὺς
815 3646 990 3725 ἀρχηγέτας
1016 3644 1123 3726 „apud
1139 3643 1390 3727 archegetarum
1414 3650 1542 3711 statua
1550 3645 1571 3705 ⁰.

354 3749 427 3814 Huc
451 3738 618 3830 pertinent
641 3750 739 3816 etiam

228 3851 230 3855 ’
353 3859 391 3920 Α.
414 3859 476 3922 tot
501 3853 575 3934 παρ’
598 3857 656 3937 ἁμὲ
679 3859 889 3938 πολυτίματος
912 3858 944 3942 (ὁ
969 3859 1058 3935 σῖτός
1082 3858 1174 3941 ἐστι),
1198 3858 1286 3939 quod
1310 3876 1384 3923 cum
1409 3859 1465 3939 „in
1488 3868 1574 3926 terra

308 3963 443 4028 nostra“
478 3961 596 4038 valeat,
630 3962 814 4046 Megaricae
849 3963 981 4029 dialecti
1016 3965 1186 4046 proprium
1220 3981 1293 4030 esse
1328 3962 1432 4029 Ratio
1465 3983 1574 4032 assen-

308 4071 373 4134 tior
394 4074 439 4152 (p.
465 4069 533 4152 63).

351 4175 404 4240 Fr.
428 4182 503 4256 451,
529 4181 547 4241 2
571 4182 705 4254 γυναῖκα
740 4180 776 4242 δὲ
808 4181 975 4257 ζητοῦντες
1010 4177 1115 4243 ἐνθάδ’
1153 4178 1282 4255 ἥκομεν,
1306 4178 1346 4255 ἥν
1374 4193 1475 4258 φασιν
1499 4177 1571 4242 εἶναι

307 4285 394 4361 παρὰ
418 4285 465 4346 σέ.
501 4283 565 4349 Hic
597 4302 725 4366 quoque
763 4291 931 4364 postrema
954 4283 1054 4348 verba
1081 4290 1176 4367 „tuae
1201 4283 1309 4348 domi¹⁴
1335 4284 1442 4348 valere
1466 4285 1570 4350 viden·

308 4395 371 4454 tur.
399 4388 483 4470 „Sed
506 4409 525 4455 a
549 4408 677 4456 summo
713 4391 953 4473 elegantissimi
985 4391 1147 4456 sermonis
1173 4389 1278 4456 Attici
1302 4389 1427 4456 artifice
1451 4392 1570 4456 Aristo·

308 4498 414 4579 phane
447 4498 553 4564 aliena
588 4515 661 4564 esse
695 4497 776 4564 haec
811 4499 911 4564 verba
944 4497 1140 4577 censuerim,
1164 4515 1238 4562 nam
1271 4502 1305 4563 et
1328 4497 1568 4579 corruptissime

308 4604 430 4669 tradita
454 4610 530 4670 sunt
553 4610 586 4670 et
609 4604 750 4669 fabulam
774 4607 912 4683 Ποίησιν
937 4605 1038 4688 [unde
1054 4605 1118 4670 hoc
1134 4602 1350 4687 fragmentum
1367 4606 1567 4687 desumptum
1643 4597 1646 4726 l
