3298 5368
790 489 990 552 -148-

256 664 369 741 cerptn
394 664 470 724 sunt
494 675 533 722 ex
557 657 684 722 cantico
711 656 750 720 ad
773 653 943 721 monodias
967 655 1140 738 Euripidis
1165 654 1350 719 inridendis
1367 673 1405 716 on
1426 649 1536 717 dariis

256 768 452 832 centonibus
479 765 680 847 composit0“
708 763 851 847 (linoln).

305 874 429 941 Eodem
452 874 661 941 referendum
686 878 766 952 puto

298 981 336 1050 Ε.
364 987 426 1049 546
457 981 581 1067 (anap.)
616 977 739 1060 αἴρεσθ’
776 979 863 1064 αὐτῷ
897 981 979 1044 πολὺ
1014 981 1052 1044 τό
1085 981 1204 1061 ῥόθιον,
1230 978 1456 1060 παραπέμψατ’
1481 980 1541 1058 ἐφ’

256 1089 368 1155 ἕνδεκα
403 1091 524 1168 κώπαις
558 1089 699 1168 θόρυβον
732 1088 875 1168 χρηστὸν
910 1088 1069 1166 ληναΐτην
1102 1106 1197 1170 quem
1221 1089 1328 1154 locum
1354 1090 1540 1154 obscurum

140 1229 144 1236 -
257 1198 301 1262 itu
328 1197 610 1279 interpretandum
635 1212 764 1261 censeo:
793 1195 987 1277 „strepitum
1012 1195 1044 1258 ei
1068 1197 1174 1262 tollite
1205 1192 1355 1275 multum,
1380 1197 1539 1262 undecim

256 1304 356 1369 remis
374 1303 495 1368 mitt'te
512 1301 651 1368 faustam
671 1301 942 1367 acclamationem
957 1301 1153 1367 Lenaeam“:
1168 1322 1275 1386 neque
1290 1306 1385 1380 eninr,
1398 1310 1542 1386 propter

258 1417 449 1494 sequentem
464 1411 687 1476 accusativum
704 1411 855 1489 θόρυβον,
870 1414 925 1475 out
941 1409 1047 1487 αὐτόν,
1064 1417 1101 1476 ut
1116 1411 1226 1492 vulgo,
1242 1412 1282 1476 ad
1300 1414 1542 1492 παραπέμψατε

257 1517 373 1594 audiri,
399 1521 455 1583 aut
477 1518 697 1597 παραπέμπειν
723 1517 918 1596 „deducam
942 1517 1121 1600 prosequi“
1146 1537 1262 1585 sonare
1283 1523 1404 1600 potest3
1422 1520 1541 1601 itaque

257 1625 320 1688 iam
347 1624 413 1690 sch.
437 1625 517 1690 haec
550 1623 752 1688 intellexisse
787 1622 1026 1704 videtuncum
1060 1623 1343 1706 interpretaretur:
1369 1625 1453 1692 όιξιοῑ
1476 1625 1543 1690 οὖν

256 1733 313 1797 τὸν
346 1735 405 1797 νῦν
438 1731 569 1798 ἔπαινον
601 1732 689 1811 μέχρι
711 1734 833 1796 πολλοθ
869 1732 1079 1810 παραπέμψαι
1103 1731 1239 1815 (πέμψαι
1263 1733 1295 1797 in
1320 1731 1366 1815 θ).
1393 1731 1538 1798 Locutio

257 1843 366 1904 autem
402 1838 454 1919 ἐφ’
487 1839 600 1903 ένθεκα
633 1841 754 1915 κώπαις
779 1837 839 1902 luit
873 1840 1032 1919 κέλευσμα
1067 1840 1224 1915 ναυτικόν)
1251 1839 1300 1904 ἐπί
1322 1837 1448 1904 dictum
1474 1845 1538 1917 est,

260 1945 533 2030 quoruadmodum
569 1963 629 2011 nos
664 1945 807 2010 dicimus·
841 1963 969 2027 pudure
1004 1961 1045 2009 aa
1078 1947 1257 2028 necuann“,
1282 1947 1358 2028 quio
1392 1947 1540 2030 remiges

259 2054 360 2119 remis
397 2053 599 2131 incumbunt;
635 2051 675 2117 cf.
713 2052 884 2117 Menandri
917 2073 945 2116 ν.
970 2055 1002 2131 4,
1039 2057 1101 2117 139
1126 2054 1174 2138 (2)
1200 2055 1234 2118 έν
1258 2057 1394 2119 κώπαισι
1433 2060 1536 2125 πλεῖν,

262 2167 460 2245 quamquam
484 2160 563 2225 alibi
587 2159 620 2225 in
643 2159 704 2224 bac
727 2159 894 2224 locutione
919 2159 1145 2242 similibusque
1171 2161 1260 2226 solus
1285 2161 1414 2226 dativus
1439 2181 1537 2227 usur·

257 2274 368 2354 potor.
392 2269 547 2335 Ceterum
569 2267 644 2333 ride
667 2267 766 2335 Mein.
779 2267 813 2333 ln
838 2267 935 2332 Vind.
949 2287 979 2349 ρ.
996 2269 1037 2333 90
1054 2273 1087 2334 et
1103 2267 1338 2335 Schneidernrn
1353 2269 1397 2352 (N
1400 2330 1404 2337 .
1422 2267 1535 2337 Jahrb.

256 2375 279 2445 f.
305 2375 388 2444 Phil.
413 2378 475 2442 vol.
497 2379 569 2453 115,
584 2394 615 2457 p.
630 2377 693 2439 289
718 2376 793 2460 σιμ),
807 2375 863 2457 qui
887 2376 1063 2456 proposuit
1084 2377 1308 2458 παραπέμψατ’
1331 2376 1382 2457 ἐφ’
1404 2377 1441 2442 ἓν
1458 2380 1538 2443 δέκα

262 2487 393 2562 κώπαις,
419 2501 502 2566 quae
528 2483 719 2548 coniectura
741 2481 839 2548 nimis
864 2481 1043 2550 artificiosa
1068 2483 1205 2550 ridetur.

305 2592 338 2675 2)
365 2589 393 2654 il
418 2589 528 2658 verbis
552 2587 704 2656 movendi
728 2607 935 2670 suspensum,
961 2591 1011 2656 ἐπί
1031 2609 1058 2655 c.
1082 2591 1147 2659 dat.
1174 2590 1206 2654 in
1231 2589 1378 2655 oratione
1404 2591 1536 2673 poetica

259 2715 490 2780 nonnunquam
513 2702 636 2761 motum
663 2695 771 2778 aliquo
793 2694 954 2760 directum
979 2696 1112 2782 iudicat,
1127 2714 1190 2778 quo
1210 2713 1307 2763 seusu
1324 2701 1444 2780 prosae
1461 2715 1536 2764 ora-

262 2804 362 2870 tionis
387 2804 567 2886 scriptores
592 2804 698 2868 solent
723 2803 772 2867 ἐπί
796 2819 822 2866 c.
848 2821 917 2868 acc.
943 2805 1151 2887 coniungere.
1185 2803 1288 2871 Cuius
1312 2820 1393 2871 usus
1417 2800 1537 2889 duplex
1646 2851 1647 2872 ι

263 2918 315 2978 est
338 2913 434 2979 ratio:
458 2931 534 2976 nam
559 2916 617 2975 aut
640 2909 836 2995 simpliciter
860 2911 984 2992 aliquid
1009 2912 1053 2976 od
1076 2911 1219 2992 aliquam
1244 2931 1312 2976 rem
1337 2903 1465 2978 moveri
1488 2913 1537 2977 di·
1645 2977 1646 2980 ,

262 3020 348 3085 citur
373 3019 431 3103 (a),
457 3022 513 3082 aut
547 3017 575 3082 is
612 3022 720 3081 motus
756 3015 909 3081 hostilem
935 3017 968 3081 in
991 3017 1122 3084 modum
1151 3019 1265 3082 corrtro
1291 3003 1437 3099 ¹aliquem
1462 3016 1535 3082 fiori

263 3123 467 3208 significatur
491 3123 504 3208 (
525 3123 551 3208 ).
641 3121 644 3128 “
1644 3109 1645 3116 ¹

304 3232 337 3316 a)
360 3231 418 3300 Th.
447 3233 530 3298 1055
555 3229 642 3315 (lyr.)
665 3229 777 3296 αἰόλαν
800 3232 930 3300 νέκυσιν
954 3231 1003 3296 ἔπι
1026 3231 1159 3309 πορείαν
1176 3231 1304 3312 „celero
1330 3231 1370 3296 ad
1388 3229 1535 3296 mortuos

261 3339 358 3404 iter“.
384 3339 473 3404 Haec
493 3343 544 3403 cst
561 3339 752 3403 coniectura
769 3337 959 3415 Fritzschci,
974 3357 993 3402 a
1008 3335 1150 3404 Velseno
1167 3339 1331 3419 adoptata
1346 3337 1423 3402 libri
1440 3355 1535 3421 prae·

261 3446 340 3511 bent
372 3447 420 3512 ἐπι
457 3445 527 3511 sine
551 3446 618 3511 ullo
643 3449 799 3512 accentus
825 3441 926 3527 signo.
952 3445 1049 3523 'Quae
1073 3445 1256 3509 emendatio
1283 3453 1315 3509 ct
1338 3444 1378 3509 orl
1403 3463 1533 3510 sensum
1642 3463 1643 3470 ¹

262 3555 358 3634 bona,
375 3560 408 3620 ot
429 3552 571 3619 sermoni
594 3551 786 3634 Euripiden
803 3553 888 3617 unde
905 3552 958 3618 hic
981 3553 1075 3618 locus
1099 3552 1223 3634 petitus
1247 3559 1308 3636 cst,
1333 3554 1534 3619 conveniens

261 3665 400 3729 videtur.
416 3659 466 3746 (V.
480 3667 611 3744 practer
636 3662 740 3743 ipsius
757 3661 938 3726 Fritzsclrei
956 3661 1199 3727 annotationem
1218 3662 1317 3726 etiarn
1336 3661 1533 3730 Bachmann.

263 3791 293 3853 p.
314 3775 364 3849 26,
382 3770 587 3852 Baklruyzen.
613 3787 642 3850 p.
672 3770 759 3852 130).
785 3767 880 3846 erod
906 3775 1013 3834 urrtcm
1042 3767 1278 3854 Bakhuyzcnus
1303 3769 1322 3838 Ι.
1348 3771 1369 3833 l.
1398 3769 1533 3838 dubitat.

266 3878 483 3944 Graecumue
500 3877 544 3943 sit
567 3877 679 3956 πορεία
703 3877 752 3942 ἐπὶ
775 3879 904 3942 νέκυσιν
921 3877 993 3960 (nec
1019 3875 1103 3942 euim
1130 3875 1310 3944 Frituschoi
1326 3877 1458 3955 ἀπάγειν
1479 3879 1534 3956 τὴν

262 3991 311 4055 ἐπὶ
349 3988 476 4072 θανάτῳ
512 3991 703 4069 argumento
741 4003 814 4052 csse
850 4004 958 4067 posse,
992 3969 1077 4066 quod
1113 3985 1252 4063 θάνατος
1276 4001 1338 4050 non
1363 3985 1457 4050 locus
1482 3981 1533 4058 sit,

264 4112 328 4177 quo
349 4091 421 4176 quis
445 4094 648 4177 abducatur),
673 4093 776 4158 miror
792 4095 876 4159 hanc
889 4092 1073 4158 doctissimi
1098 4092 1160 4157 viri
1185 4092 1437 4159 dubitationem:
1461 4109 1531 4156 nuru

264 4206 299 4267 et
322 4203 407 4283 apud
426 4203 602 4266 llourerum
628 4201 761 4284 saepius
778 4202 917 4284 legimus
933 4202 1049 4280 νηυσὶν
1066 4200 1114 4266 ἔπι
1138 4205 1342 4284 γλαφυρῇσιν
1366 4203 1533 4280 ἐλαυνέμεν

263 4310 313 4375 vol
335 4312 479 4390 νεώμεθα
502 4307 556 4396 (ll.
582 4313 612 4386 5,
638 4313 712 4384 32*st
741 4315 791 4388 11,
817 4313 891 4386 274;
917 4312 969 4386 22,
997 4309 1085 4390 392),
1112 4312 1143 4371 ct
1167 4307 1251 4388 apud
1277 4305 1469 4390 Aeschylum
1494 4309 1531 4388 μὴ
1635 4327 1636 4354 ι

263 4417 351 4506 ’λθῃς
376 4409 474 4495 ὀδοὺς
498 4419 539 4482 σὺ
563 4416 654 4482 τάσδ’
676 4414 728 4495 ἐφ’
755 4417 904 4496 ἑβδόμαις
932 4416 1045 4494 πύλαις
1079 4413 1183 4496 (Sept.
1221 4415 1307 4499 714),
1341 4418 1532 4495 προπέμπειν

154 4602 157 4614 Ι
264 4527 313 4590 ἐπὶ
336 4525 442 4612 τύμβῳ
467 4523 560 4608 (ibid.
589 4525 692 4605 1059),
718 4528 751 4585 et
767 4523 852 4604 apud
869 4519 1061 4610 Euripidem
1087 4521 1251 4600 Καπανεὺς
1274 4529 1420 4602 προσῆγε
1440 4523 1532 4602 λόχον

264 4632 312 4697 ἐπ’
334 4632 515 4711 Ἠλέκτραις
538 4632 651 4709 πύλαις
676 4629 813 4712 (Phoen.
840 4629 951 4714 1129).
