3326 5372
661 433 859 496 -163-

152 602 193 668 L.
225 606 292 668 sto
316 611 349 666 et
371 599 420 666 Pl.
444 603 508 664 875
532 601 583 666 ἐπὶ
604 602 721 679 τροχοῦ
747 598 1013 678 στρεβλούμενον.

152 703 353 790 Sequuntur
377 707 461 774 aliae
485 706 681 773 locutiones.

151 815 196 880 A.
226 819 269 880 82
295 815 540 896 κᾶχεζεν-ἐπὶ
573 817 703 895 χρυσῶν
738 813 835 890 ὀρῶν.
873 815 936 878 1138
974 812 1097 896 (cusp.)
1125 808 1174 880 ἐπ’
1198 814 1307 892 ἄκρων
1330 820 1395 880 τιῦν

93 924 273 1000 πυγιδίων
297 924 465 1001 ἐκάθησθε.

153 1027 196 1093 N.
226 1031 291 1096 218
315 1031 388 1096 οὑπὶ
411 1033 467 1107 τῆς
493 1028 671 1106 κρεμάθρας
695 1027 786 1105 ἀνήρ.
819 1029 903 1089 11715
927 1028 976 1092 ἐπὶ
999 1029 1055 1092 τοῦ
1079 1028 1395 1105 προσώπου-ἐστὶν

94 1137 247 1202 άττικόν
273 1138 400 1217 βλέπος.

152 1243 197 1310 λ’.
228 1248 294 1308 332
320 1239 410 1328 (lyr.)
433 1240 629 1319 λίθον-ἐφ’
654 1240 693 1305 οῦ
716 1241 774 1318 τάς
797 1239 937 1320 χοιρίνας
961 1239 1159 1320 ἀριθμοῦσιν.
1193 1257 1197 1268 ’

153 1348 196 1414 Ρ.
227 1351 291 1416 896
317 1351 367 1414 ἐπὶ
389 1353 449 1429 γῆς
472 1349 625 1415 παλαίειν.
651 1348 714 1411 938
741 1346 851 1426 βωμὸν
873 1344 926 1426 ἐφ’
952 1345 1031 1411 ὅτου
1056 1347 1209 1428 θύσομεν.

154 1455 223 1520 Αν.
249 1459 377 1520 40-41
405 1457 435 1520 οἱ
458 1455 751 1536 μὲν-τέττιγες-
766 1453 815 1520 ἐπὶ
838 1456 903 1518 τῶν
931 1456 1058 1531 κραδῶν
1081 1457 1208 1537 (ibono,
1233 1449 1397 1533 Ἀθηναῖοι

97 1565 247 1630 δ’-ἐπὶ
269 1568 334 1628 τῶν
357 1567 454 1628 δικῶν
478 1564 604 1646 ᾄδουσι.
631 1564 693 1626 293
719 1563 862 1642 (tetram.
889 1561 1010 1643 trech.)
1035 1560 1146 1638 ὥσπερ
1170 1561 1200 1626 οἱ
1225 1563 1324 1640 Κᾶρες
1340 1564 1398 1642 μὲν

99 1667 171 1734 οῦν
199 1669 254 1734 ἐπὶ
277 1669 391 1746 λόφων
415 1665 787 1746 οἰκοῦσιν-ἀσφαλείας
811 1665 938 1745 οὕνεκα,
974 1665 1014 1730 de
1047 1684 1111 1747 quo
1148 1665 1220 1730 loco
1249 1664 1398 1732 Hermer-

106 1776 223 1840 denus
249 1771 407 1858 (Hermae
432 1792 461 1836 v.
487 1773 539 1849 24,
565 1789 595 1852 p.
622 1771 699 1854 615)
731 1769 811 1836 haec
841 1772 1023 1838 annotavit:
1051 1772 1279 1854 „Manifestum
1304 1778 1398 1838 esta

103 1888 219 1966 poeta
244 1880 368 1962 aliquid
391 1880 551 1961 scriptum
574 1876 687 1956 luisse,
713 1877 800 1963 quod
826 1879 891 1943 alio
916 1897 1015 1945 sensu
1040 1879 1080 1942 de
1105 1877 1254 1958 Canibus,
1274 1879 1339 1944 alio
1358 1880 1398 1945 de

109 1987 237 2056 avibus
262 1987 409 2069 intellegi
434 1994 556 2071 posset.
581 1985 658 2050 Tale
683 1985 792 2051 fuerit:
817 1987 894 2066 τοὺς
917 1987 1043 2067 λόφους
1068 1989 1207 2068 ἔχουσιν,
1234 1986 1328 2054 cuius
1352 1987 1400 2057 le·

110 2095 241 2164 ctionis
265 2095 595 2176 interpretamentum
619 2092 727 2172 hodie,
750 2093 784 2160 oi
807 2091 912 2172 lallor,
937 2099 1060 2160 textum
1082 2093 1399 2178 occupat“.1taquc,

104 2205 140 2270 ‚si
168 2209 267 2270 recte
291 2221 365 2266 eum
390 2202 558 2284 intellego,
580 2201 619 2266 de
644 2199 759 2266 avibus
784 2207 899 2266 censet
934 2221 963 2264 ν.
987 2203 1092 2281 λόφος
1128 2220 1229 2268 seusu
1255 2201 1396 2282 „crista“

110 2309 361 2392 accipiendum,
386 2316 422 2374 ut
446 2310 491 2374 sit
516 2309 655 2390 „cristas
680 2301 833 2386 habent“,
862 2307 902 2371 de
938 2303 1076 2374 Caribus
1112 2327 1212 2376 seusu
1250 2309 1399 2390 „collis“‚

111 2425 151 2484 ut
177 2417 226 2483 sit
254 2415 377 2498 „eolles
408 2422 530 2490 tenent,
568 2415 601 2479 iu
637 2413 776 2479 collibus
810 2413 992 2480 habitaut“.
1029 2414 1135 2493 Quam
1174 2416 1398 2482 coniecturam

108 2529 276 2589 evertunt
298 2521 397 2587 verba
420 2521 599 2602 ἀσφαλείας
623 2523 749 2586 οὕνεκα.
775 2519 855 2586 Nam
881 2522 966 2603 quod
993 2521 1094 2590 Cares
1119 2541 1262 2606 avesque
1282 2524 1316 2590 in
1334 2524 1402 2590 col·

115 2631 208 2698 libus
235 2629 385 2694 habitare
410 2630 564 2694 dicuntur
588 2627 825 2693 incolumitatis
851 2645 961 2704 causa,
996 2629 1076 2696 nihil
1112 2629 1231 2696 mirum
1256 2635 1315 2706 est;
1342 2631 1401 2695 sed

117 2738 259 2804 cristam
284 2737 368 2818 quis
385 2753 519 2820 quaeso,
542 2735 629 2818 gerit
649 2735 830 2816 ἀσφαλείας
854 2735 987 2802 οὕνεκα.1
1012 2735 1123 2820 Neque
1147 2755 1226 2802 vero
1252 2737 1398 2802 Koclrius

108 2843 264 2910 debebat
287 2843 320 2907 in
345 2862 373 2910 v.
399 2843 553 2918 οἰκοῦσιν,
574 2839 614 2905 de
639 2839 752 2904 avibus
789 2839 888 2920 dieto,
925 2842 1073 2909 haerere:
1101 2861 1174 2910 nam
1205 2841 1304 2909 huius
1334 2842 1401 2908 loci

117 2949 285 3016 rationem
309 2945 394 3012 hanc
425 2965 498 3012 esse
532 2953 622 3027 puto:
647 2943 802 3027 Euelpidi
825 2947 1053 3030 interroganti.
1090 2949 1168 3032 quid
1203 2949 1265 3014 sibi
1301 2948 1403 3016 velint

119 3057 233 3120 avium
260 3055 390 3128 cristae,
416 3053 665 3134 assuspirans,
689 3071 745 3118 eas
769 3054 810 3118 ad
841 3053 986 3120 diaulum
1026 3057 1223 3122 currendum
1261 3057 1400 3132 venisse,

120 3161 250 3246 Epeos,
275 3158 341 3226 alio
366 3179 466 3227 sensu
490 3161 561 3226 eins
586 3160 812 3241 quaestionem
842 3161 1009 3243 accipiens
1045 3164 1097 3245 (de
1134 3181 1198 3246 quo
1237 3183 1266 3228 ν.
1302 3181 1402 3246 supra

119 3287 153 3352 p.
177 3268 264 3352 143),
289 3266 474 3350 respondet,
500 3284 576 3331 aves
600 3284 665 3332 non
690 3273 726 3330 ut
749 3267 893 3332 diaulum
921 3270 1038 3335 melius
1062 3276 1252 3352 spectarent
1285 3270 1400 3335 collem

120 3392 317 3456 occupasse,
344 3373 402 3440 sed
425 3371 513 3456 qnia,
537 3380 572 3436 ut
604 3373 715 3447 Cares,
752 3373 786 3438 iu
827 3373 966 3441 collibus
1000 3375 1148 3444 habitare
1186 3383 1404 3444 consuessent

121 3481 363 3548 incolumitatis
388 3483 611 3545 causa—510
637 3481 758 3564 (ceap.)
784 3481 832 3545 ἐπὶ
860 3486 924 3546 τῶν
948 3483 1121 3562 σκήπτρων
1156 3485 1301 3562 ἐκάθητο.
1338 3485 1400 3550 742

115 3589 214 3673 ¹(lyr.)
238 3589 383 3667 ἱζόμενος
408 3589 514 3667 μελίας
539 3589 588 3652 ἐπὶ
612 3589 832 3667 φυλλοκόμου.

168 3697 206 3762 L.
232 3698 270 3760 31
298 3693 391 3778 (δλῆς
414 3697 470 3773 τῆς
494 3695 647 3773 Ἑλλάδος
670 3697 689 3772 ἡ
715 3697 873 3779 σωτηρία)
909 3695 957 3762 ἐπ’
990 3697 1098 3773 ὀλίγου
1122 3696 1189 3775 τᾶρ’
1211 3698 1313 3778 εἴχετο
1340 3716 1402 3780 „rra

125 3803 275 3869 nosceris
299 3803 523 3884 ncparaaccc“,
550 3820 645 3882 quem
669 3800 778 3868 locum
803 3803 974 3868 Dobraeus
999 3802 1106 3867 inutili
1126 3803 1319 3869 coniectura
1336 3804 1401 3870 sol·

123 3911 276 3984 licitavit‚
303 3926 376 3972 cum
401 3908 515 3988 reponi
538 3907 669 3972 iuberet
692 3907 740 3972 ἐπ’
766 3905 873 3984 ὀλίγου
897 3905 927 3986 γ’
951 3908 1052 3987 ὠχεῖτ’
1069 3908 1142 3988 άρα,
1160 3909 1233 3974 coll.
1259 3909 1297 3975 E.
1319 3913 1403 3976 1244

127 4022 162 4081 et
183 4015 238 4084 Fr.
266 4019 338 4092 150,
367 4021 395 4080 1.
419 4011 485 4077 Alii
510 4013 574 4078 alia
599 4013 818 4079 coniecerunt.
844 4013 968 4080 Harum
993 4015 1212 4081 mutationum
1238 4033 1340 4082 causa
1363 4034 1402 4082 ea

125 4121 198 4199 fuit,
224 4123 309 4208 quod
334 4125 463 4204 ἔχεσθαι
487 4121 559 4188 solo
583 4123 734 4204 genetivo
770 4122 859 4206 iungi
892 4123 1059 4204 putabant,
1092 4123 1203 4189 addita
1234 4123 1404 4208 praeposi-

128 4233 217 4299 tione
241 4251 305 4298 non
331 4233 419 4297 item.
446 4229 539 4307 Quod
569 4249 663 4313 quatu
700 4229 913 4296 vehementer
948 4231 1134 4298 erraverint
1169 4237 1219 4296 tot
1253 4232 1403 4314 tantique

128 4342 202 4422 riri,
226 4343 346 4406 mirum
371 4339 450 4404 mihi
475 4338 616 4403 videtur:
640 4338 730 4403 aliud
754 4339 840 4404 enim
865 4347 916 4406 est
939 4340 1067 4420 ἔχεσθαί
1086 4360 1172 4417 τινος
1191 4359 1402 4422 „nepuarsca

130 4465 166 4513 aa
190 4451 272 4515 sro“
300 4446 445 4530 „aliquid
470 4453 592 4527 tenere,
615 4444 854 4528 prehendere“‚
879 4446 969 4511 aliud
994 4447 1122 4526 ἔχεσθαι
1138 4447 1187 4512 ἐπί
1203 4467 1289 4524 τινος
1305 4465 1403 4528 „nep-

126 4572 257 4623 marnoa
284 4575 324 4620 ua
348 4557 455 4621 aeun“
487 4556 539 4638 „in
564 4553 637 4635 alqa
661 4571 697 4620 re
722 4553 814 4619 uiti“.
842 4555 948 4638 Atque
984 4551 1047 4618 hoa
1083 4553 1208 4618 [luobus
1244 4553 1403 4638 exemplis

1246 4663 1298 4720 11·
