3328 5370
760 453 936 517 —22-··

251 615 288 684 L.
313 619 440 683 30-31
467 607 503 684 ’ἐν
537 623 608 698 ταῖς
641 620 780 696 γυναιξίν
815 621 901 686 ἐστιν
934 619 954 696 ἡ
984 622 1220 700 σωτηρίο-ἐν
1241 626 1311 700 τοῖς
1338 623 1529 698 woanilo,

210 725 252 790 311
277 724 322 804 ὡς
346 723 414 792 ἔστ’
439 727 473 792 ἐν
496 727 572 806 ἡμῖν
593 731 650 805 τῆς
674 727 805 806 πόλεως
827 729 866 792 τὰ
890 727 1068 807 πράγματα.

253 829 291 896 R.
320 833 403 898 1449
440 832 466 898 εἰ
501 835 559 898 νῦν
593 853 629 910 γε
665 837 883 914 δυστυχοῦμεν
917 834 952 898 ἐν
986 834 1136 917 τούτοισι,
1165 840 1235 912 πῶς
1268 829 1435 898 τάναντί’
1475 833 1526 898 ἂν

208 940 406 1017 πράττοντες
430 939 471 1004 οὐ
489 935 665 1019 σωῑοίμεθ’
689 940 738 1019 ἄν;
760 940 911 1022 „illorum
924 939 1098 1023 (malorum
1124 940 1258 1022 civium)
1273 957 1386 1020 opera
1408 939 1524 1022 (quo-

211 1061 283 1107 rum
308 1044 406 1124 paulo
430 1049 506 1110 ante
530 1043 693 1110 mentiof
690 1050 765 1110 acta
788 1044 884 1128 est)“.
911 1043 1002 1122 Quos
1025 1062 1141 1111 versus
1166 1045 1327 1112 Velsenus
1355 1046 1522 1129 aliique,

212 1159 250 1217 ut
285 1153 428 1234 spurios,
448 1155 598 1220 censoria
633 1155 772 1236 quadam
810 1153 937 1237 virgula
967 1161 1133 1230 notarunt,
1165 1151 1220 1234 ,in
1255 1170 1329 1234 quo,
1373 1159 1434 1218 ut
1466 1153 1523 1218 ait

215 1255 394 1338 Vahlenus,
418 1278 478 1326 nos
501 1278 567 1326 non
590 1277 764 1341 possumus
787 1259 852 1326 nisi
876 1258 1073 1325 tralaticium
1102 1259 1292 1325 criticorum
1316 1257 1519 1324 libidinem

218 1379 407 1446 agnoscere,
434 1365 499 1446 qui,
525 1365 630 1432 sicubi
654 1362 753 1448 paulo
777 1366 906 1448 plenius
940 1366 1059 1431 elatam
1088 1365 1286 1432 sententiam
1311 1363 1521 1448 offendunt,
1651 1422 1654 1453 Ι

217 1467 287 1534 sine
320 1469 438 1552 quibus
464 1489 503 1536 ea
527 1479 678 1538 constare
710 1473 849 1554 quodam
884 1473 981 1540 modo
1012 1474 1127 1555 possit,
1151 1478 1188 1537 ut
1212 1471 1385 1554 superflua
1413 1489 1523 1540 rese·

216 1573 319 1640 canda
343 1573 485 1642 instant“
509 1577 553 1660 (p.
580 1578 621 1662 7).

264 1681 298 1765 2)
321 1680 372 1746 Ex
406 1682 468 1774 hac
500 1686 756 1767 praepositionis
791 1683 1039 1769 significatione,
1064 1686 1104 1750 de
1136 1704 1200 1768 qua
1231 1685 1326 1749 modo
1352 1686 1519 1769 egimus,

222 1791 280 1851 aut
313 1787 451 1854 fortasse
485 1809 524 1855 ex
559 1808 607 1869 ea,
633 1811 717 1875 quae
753 1797 804 1859 est
830 1795 991 1876 „coram“,
1016 1793 1045 1857 is
1068 1811 1149 1859 usus
1176 1809 1327 1858 manasse
1351 1794 1514 1870 videtur,

220 1911 259 1966 ex
281 1912 346 1976 quo
371 1897 406 1962 ἐν
428 1896 463 1962 in
487 1915 525 1964 eo
548 1898 680 1978 dicitur,
704 1917 805 1982 penes
829 1919 924 1983 quem
949 1903 1001 1966 est
1023 1900 1181 1964 iudicium
1205 1900 1347 1966 alicuius
1374 1902 1445 1978 rei,
1472 1904 1516 1966 ut

218 1998 366 2080 ,iudicio
392 2003 444 2068 vel
468 2005 605 2072 arbitrio
629 2007 792 2073 alicuius“
818 2008 935 2074 valeat.
960 2005 1063 2073 (iuius
1087 2023 1168 2074 usus
1191 2007 1379 2088 exemplum
1397 2023 1514 2073 uuum

222 2108 310 2190 apud
332 2111 387 2174 Ar.
413 2111 588 2193 iuvenitur,
612 2133 719 2198 neque
739 2116 772 2181 id
797 2117 877 2182 satis
903 2120 1040 2182 certum.

264 2214 318 2280 Fr.
345 2219 419 2298 267,
444 2222 463 2284 2
489 2220 552 2296 ἐγὼ
574 2223 647 2304 γάρ,
671 2224 700 2289 εἴ
722 2245 750 2288 τι
773 2223 805 2294 ‹1’
829 2223 960 2302 ilbirn'x’,
984 2224 1085 2288 ἐθέλω
1123 2223 1212 2300 δίκην
1241 2225 1354 2286 δοῦναι
1392 2223 1513 2302 πρόδι-

222 2323 339 2396 κονέν
362 2327 427 2392 τῶν
450 2327 554 2406 φίλων
572 2333 644 2395 τῶν
668 2334 738 2396 σῶν
762 2331 816 2396 tvi:
847 2331 895 2396 sic
918 2329 1063 2396 Kockius
1099 2347 1137 2394 ex
1162 2328 1399 2395 emendatione
1424 2327 1518 2394 Por·

227 2429 303 2494 soni
339 2431 484 2514 scripsit,
510 2452 582 2500 cum
619 2437 652 2501 in
688 2437 857 2504 codicibus
892 2436 955 2502 alia
983 2439 1145 2520 legantur,
1170 2442 1207 2500 ut
1230 2436 1318 2517 apud
1341 2434 1514 2501 Photium

231 2535 369 2617 ἓν-ἔνι,
393 2540 637 2626 apuapSuidam
675 2544 820 2610 ἑνὶ-ἑνί.
857 2545 923 2609 Alii
945 2545 1009 2609 viri
1032 2545 1121 2610 docti
1157 2529 1254 2608 aliter
1278 2541 1367 2606 hunc
1393 2544 1509 2608 locum

229 2641 459 2730 emendabant,
494 2653 532 2713 ut
569 2647 714 2716 Cobetus
747 2651 797 2716 ἐπὶ
830 2655 895 2716 τῶν
929 2671 965 2730 φ.
999 2673 1026 2715 τ.
1059 2667 1090 2716 σ.
1124 2652 1219 2728 τινός,
1245 2665 1340 2731 quem
1380 2649 1510 2715 reluta·

231 2753 310 2814 runt
345 2749 492 2820 Kockius
529 2757 576 2839 (in
599 2758 687 2842 ann.)
713 2758 1148 2844 ε1ΒοεΙ1111111111181οό9).
1171 2759 1248 2840 Ipse
1270 2756 1509 2822 Bachmannus

230 2854 373 2941 collatis.⁴
398 2859 525 2942 aliquot
559 2869 727 2930 oratorum
763 2867 846 2931 locis
881 2866 983 2932 scribi
1006 2866 1099 2933 iubet
1121 2867 1203 2946 πρὸς
1225 2887 1251 2932 τ.
1275 2885 1311 2944 φ.
1334 2884 1361 2927 τ.
1392 2881 1426 2931 o.
1452 2863 1509 2932 ἑνῖ.

234 2959 298 3038 Qui
334 2980 446 3032 omnes
482 2969 522 3034 de
556 2971 727 3038 lenissima
761 2973 903 3040 Porsoni
928 2973 1119 3040 coniectura
1149 2977 1325 3056 propterea
1349 2969 1509 3036 dubitare

231 3065 393 3147 videntur,
418 3077 504 3155 quod
527 3077 570 3155 ἐν,
596 3079 658 3145 hoo
694 3099 793 3147 sensu
827 3081 946 3164 plurali
970 3097 1108 3148 numero
1133 3097 1231 3161 saepe
1253 3079 1418 3158 iunctum,
1443 3078 1510 3142 sin·

235 3175 342 3255 gulari
378 3179 469 3264 iungi
503 3203 602 3267 posse
637 3194 764 3272 negant.
793 3189 858 3254 Sed
882 3208 899 3253 e
923 3188 1018 3263 locis,
1044 3185 1208 3251 aKockio
1231 3185 1265 3250 in
1288 3186 1507 3250 annotatione

233 3287 410 3369 congestis,
433 3290 497 3358 duo
520 3291 584 3359 buc
607 3295 773 3377 pertinere
796 3299 944 3377 possunt:
973 3293 1089 3374 Eurip.
1113 3293 1212 3374 Hipp.
1240 3292 1324 3355 1320
1350 3293 1393 3354 ob
1419 3291 1448 3356 δ’
1470 3291 1505 3354 ἔν

192 3397 193 3400 ’
230 3389 258 3453 τ’
283 3393 395 3481 ἐκείνῳ
419 3398 478 3464 κάν
501 3401 570 3481 ἐμοὶ
590 3405 696 3482 φαίνει
731 3402 838 3480 κακός,
863 3402 949 3483 quod
979 3405 1089 3466 tamen
1113 3400 1237 3466 rectius
1260 3397 1503 3479 interpreteris:

161 3501 165 3506 ’
229 3506 285 3580 ,et
307 3501 340 3569 in
364 3503 456 3572 illum
481 3514 515 3573 et
538 3510 571 3573 in
595 3511 791 3575 mamalum
814 3514 849 3574 1ε
872 3508 1055 3589 ostendis“,
1071 3512 1106 3572 et
1129 3505 1278 3589 Amphid.
1297 3523 1326 3567 v.
1346 3508 1375 3569 3.
1392 3524 1423 3587 p.
1438 3506 1501 3570 309

229 3609 364 3689 μάταιός
389 3614 477 3679 ἐστιν
501 3615 535 3680 ἔν
558 3617 587 3693 γ’
613 3619 682 3696 ἐμοὶ
705 3619 755 3682 καὶ
777 3621 846 3694 τοῖς
882 3618 1002 3695 σοφοῖς
1037 3619 1156 3694 κριταῖς
1180 3615 1310 3697 ἅπασιν,
1333 3611 1389 3676 ubi
1414 3613 1448 3678 ἔν
1471 3609 1501 3686 γ’Ι

230 3713 373 3784 Porsoni
399 3719 613 3787 coniecturae
636 3724 782 3799 debetur,
807 3741 880 3788 cum
904 3724 937 3787 in
962 3722 1055 3788 codd.
1076 3720 1141 3800 ἔργ’
1158 3721 1356 3786 inveniatur.
1375 3718 1499 3797 Quibus

232 3824 316 3890 addo
339 3845 470 3892 versum
504 3827 721 3913 Sophocleum
748 3829 801 3915 (O.
827 3830 860 3896 O.
890 3830 1000 3914 1214):
1025 3829 1223 3895 σκαιοσύναν
1261 3828 1444 3908 φυλάσσων
1467 3824 1501 3888 ἐν

234 3931 305 4011 ἐμοὶ
340 3936 519 4015 κατάδηλος
543 3937 642 4017 ἔσται,
667 3939 723 4004 ubi
747 3940 781 4004 ἐν
805 3939 873 4018 ἐμοί
896 3935 1063 4002 Nauckius
1089 3954 1160 4018 „me
1190 3936 1318 4000 iudice“
1344 3933 1501 4015 interpre-

232 4043 333 4117 tatur,
357 4040 541 4110 Ellendtius
578 4045 668 4128 (Lex.
693 4045 790 4129 Soph.
814 4065 846 4127 p.
871 4044 964 4128 240¹)
990 4062 1064 4124 „me
1096 4049 1240 4118 auctore,
1265 4039 1294 4106 si
1326 4057 1428 4120 penes
1449 4053 1499 4102 ma

230 4146 422 4219 iudicium“.

280 4254 313 4338 3)
338 4254 536 4340 Progredior
574 4261 615 4325 ad
649 4257 743 4324 illum
781 4235 1040 4341 praepositionis
1063 4275 1171 4335 usum,
1195 4272 1268 4319 cum
1291 4256 1410 4319 dotum
1433 4250 1500 4314 sive

234 4360 454 4431 conditionem
480 4366 614 4445 indicat,
639 4367 672 4433 in
697 4385 781 4450 qua
774 4366 859 4446 quis
885 4368 1044 4430 versatur.

278 4469 319 4536 A.
349 4471 596 4555 1026ὥπερ11
622 4476 793 4555 ἐτρεφέτην
828 4474 864 4539 ἐν
897 4477 976 4538 πᾶσι
1000 4472 1146 4552 βολίτοις,
1171 4467 1257 4550 quod
1285 4471 1336 4533 est
1322 4468 1394 4533 1ἐν
1416 4463 1498 4542 πάσῃ

232 4589 349 4667 τρυφῇ,
374 4586 409 4650 ἐν
432 4589 530 4650 πᾶσιν
554 4583 688 4662 ἀγαθοῖς
712 4580 858 4665 (schol.)
