3298 5368
630 470 828 530 -151-

122 627 165 692 R.
196 635 289 696 1490
313 633 363 698 ἐπὶ
380 637 548 713 σεμνοῖσιν
563 638 686 710 λόγοισι
703 637 753 700 καὶ
769 637 1024 714 σκαριφησμοῖσι
1041 635 1149 712 λήρων
1165 633 1369 712 διατριβὴν-

76 738 255 802 ποιεῑσθαι
281 739 507 818 „sermonibus
531 741 660 808 tetricis
685 746 718 804 et
741 739 917 808 subtilibus
956 741 994 806 de
1018 741 1112 824 nugis
1137 739 1368 822 disputationi·

76 839 140 913 bus
166 841 382 910 imnrorari“.

122 945 170 1012 11.
203 947 343 1016 Tralata
366 951 487 1018 dieitur

128 1054 159 1134 l)
187 1053 243 1120 De
268 1076 378 1122 rerum
403 1061 493 1122 statu
519 1060 569 1124 vel
594 1060 721 1124 actione
741 1059 866 1142 aliqua,
889 1077 973 1142 qnae
997 1060 1072 1126 (lum
1097 1058 1143 1142 fit,
1168 1059 1258 1124 aliud
1277 1057 1370 1141 qnid-

76 1158 170 1238 piam
200 1162 305 1230 simul
328 1165 447 1248 agitur,
472 1172 509 1230 ut
532 1165 585 1232 hic
611 1167 867 1250 praepositionis
896 1186 977 1234 usus
1002 1167 1178 1248 temporali
1202 1166 1370 1248 proximus

77 1267 131 1331 sit.
159 1267 238 1335 Nos
263 1271 404 1340 dicirnes
431 1278 550 1356 „npn“,
575 1275 684 1342 Latini
708 1276 901 1358 plerumque
925 1274 1013 1356 „in“.

124 1375 166 1440 V.
195 1381 244 1444 86
268 1377 392 1466 (anan.)
418 1383 467 1448 ἐπὶ
488 1386 557 1463 ταῖς
581 1385 740 1462 σπονδαῖς
775 1386 825 1449 καὶ
859 1388 930 1464 ταῖς
965 1385 1074 1466 εὐχαῖς
1103 1385 1214 1462 φήμην
1248 1383 1371 1460 ἀγαθὴν

77 1483 224 1562 λέξομεν
253 1488 324 1565 ὑμῖν
348 1488 402 1568 „in
430 1487 641 1555 libaminibus
666 1493 700 1555 et
722 1490 840 1556 votis“.

125 1589 191 1658 Th.
224 1596 287 1658 313
313 1593 400 1678 (lyr.)
422 1595 526 1661 ταῖσδ’
552 1595 600 1661 ἔπ’
626 1596 735 1678 εὐχαῖς
759 1599 921 1680 φανέντας
955 1599 1141 1679 ἐπιχαρῆναι
1164 1602 1223 1680 „ut
1247 1597 1289 1662 ad
1311 1597 1370 1662 has
1445 1675 1448 1681 ¹

80 1717 209 1778 preces
236 1709 415 1784 appareant
437 1703 550 1768 leoti“.
588 1706 651 1768 323
689 1703 779 1788 (lyr.)
814 1705 949 1785 φόρμιγξ
983 1705 1142 1786 ἰαχήσειεν
1176 1702 1225 1770 ἔπ’
1260 1704 1369 1784 εὐχαῖς

83 1805 182 1890 „lyra
209 1808 339 1878 accinat
363 1812 517 1892 precibus
542 1810 697 1876 nostris“.
724 1813 786 1875 721
814 1811 903 1895 (lyr.)
929 1811 995 1878 ἀλλ’
1021 1811 1061 1876 οὐ
1085 1813 1128 1889 μὰ
1151 1815 1195 1876 τὼ
1219 1814 1285 1876 θεὼ
1301 1810 1368 1891 τάχ’
1413 1823 1417 1831 ·

83 1911 123 1976 οὐ
149 1915 278 1994 χαίρων
302 1916 386 1994 ἰ’σως
407 1917 411 2000 Ι
433 1917 599 1998 ἐνυβριεῖς,
633 1918 751 1995 λόγους
788 1918 886 1995 λέξεις
918 1915 945 1980 τ’
981 1918 1136 1996 ἀνοσίους
1156 1914 1161 2003 l
1182 1917 1229 1982 ἐπ’
1264 1918 1372 1995 ἀθέοις

84 2023 199 2099 ἔργοις
212 2016 238 2086 *.
261 2021 267 2106 λ
287 2026 337 2088 καὶ
360 2027 420 2102 γὰρ
449 2023 729 2104 ἀνταμειψόμεσθά
753 2022 793 2100 o‘,
810 2024 921 2102 ὥσπερ
939 2023 1034 2104 εἰκός,
1050 2025 1119 2092 ἀντὶ
1134 2029 1245 2090 τῶνδε.
1268 2024 1371 2090 biulta

84 2127 118 2192 in
144 2129 203 2195 his
227 2130 388 2195 debentur
412 2133 557 2197 virorum
583 2132 750 2198 doctorum
778 2129 989 2200 coniecturis.
1022 2131 1061 2196 In
1096 2132 1189 2197 libris
1215 2131 1300 2198 onim
1325 2131 1371 2196 le-

84 2237 192 2318 gitur:
218 2239 338 2316 λόγους
361 2261 395 2304 τε
417 2241 516 2316 λέξεις
539 2239 704 2318 ἀνοσίους·
726 2234 732 2326 λ
752 2239 860 2316 ἀθέοις
884 2238 990 2316 ἔργοις
1014 2240 1075 2316 γὰρ
1092 2239 1214 2303 ἀντα-
1236 2235 1241 2324 Ι
1261 2239 1371 2318 μειψό-

87 2347 200 2420 μεσθά
223 2345 256 2410 o'
279 2346 390 2424 ὥσπερ
415 2347 499 2424 εἰκός
530 2345 598 2413 ἀντὶ
632 2351 743 2412 τῶνδε.
784 2343 1009 2426 „Interpoleta
1043 2345 1125 2412 haec
1160 2365 1235 2414 esse
1258 2363 1372 2411 nume·

88 2473 205 2520 rorum
231 2455 437 2537 peruersitas
463 2456 639 2522 ostendit“.
664 2455 766 2520 Recte
790 2455 872 2522 baec
895 2452 1096 2534 Diudorfins,
1124 2453 1182 2520 sed
1206 2453 1247 2518 do
1263 2473 1372 2520 euren-

90 2562 227 2626 tertione
251 2562 375 2632 dubito.
402 2561 467 2627 Nec
486 2562 571 2628 eninr
589 2563 752 2628 assentior
769 2562 898 2644 Erigero
917 2561 1098 2626 annotanti:
1119 2561 1243 2644 „Nimis
1260 2561 1371 2642 inopte

90 2667 204 2747 ἀθέοις
222 2669 328 2748 ἔργοις
354 2689 427 2734 cum
453 2670 735 2752 ἀνταμειψόμεσθα
759 2669 1000 2734 coniunxerunt
1022 2668 1232 2752 interpretes.
1257 2668 1373 2750 Itaque

92 2785 185 2842 reete
211 2777 428 2854 Uerbannus,
454 2776 718 2858 interpunctione
754 2781 829 2858 post
856 2776 1013 2854 ἀνοσίους
1046 2775 1186 2854 sublata,
1221 2774 1302 2842 baec
1326 2775 1373 2840 ita

93 2884 248 2960 correxit,
264 2921 304 2929 -
319 2885 426 2962 ἀθέοις
457 2880 506 2947 ἔπ’
529 2884 643 2960 ἔργοις.
669 2885 719 2947 καὶ
742 2885 859 2962 ‘reio-v.
883 2881 950 2948 Nos
974 2887 1085 2948 tumen
1110 2882 1294 2948 docharium
1319 2899 1372 2947 ro·

93 2990 297 3056 stituimus“.
322 2990 412 3056 Haec
437 2990 502 3054 ille.
526 2989 596 3072 Ego
615 3008 692 3054 vero
710 2993 835 3056 tontum
855 2989 947 3055 abest
965 2993 1002 3054 ut
1020 2989 1118 3053 rerba
1135 2990 1242 3068 ἀθέοις
1266 2990 1372 3068 ἔργοις

94 3095 132 3160 ub
159 3097 442 3178 ἀνταμειψόμεσθα
465 3096 660 3178 disiungere,
685 3101 722 3162 ut
744 3096 889 3162 dativum
914 3097 991 3162 buic
1023 3097 1122 3163 verbo
1159 3096 1279 3178 apponi
1303 3096 1372 3160 iere
1442 3121 1448 3130 ·

94 3204 317 3270 necessarium
342 3223 416 3272 esse
441 3204 635 3272 existimem:
660 3224 734 3270 nom
759 3222 971 3287 quoscunque
996 3203 1062 3286 legi
1088 3205 1189 3281 lotoe,
1206 3203 1261 3270 nbi
1279 3201 1372 3269 ἀνια·

94 3313 255 3392 μείβεσθαι
280 3331 379 3380 soosu
405 3312 651 3394 1,ι·σιιιιιιιοιίιιί“
678 3312 889 3388 dictumest,
915 3311 947 3376 iu
975 3311 1126 3377 onmibus
1153 3311 1299 3376 dativum
1324 3310 1372 3374 rei

95 3419 213 3499 inreni;
238 3421 295 3486 seo
321 3421 529 3486 vehementer
546 3420 652 3498 dolen,
677 3420 762 3502 quorl
780 3417 970 3500 paucissimi
1000 3425 1085 3483 sunt:
1123 3417 1308 3483 Arclrilocb.
1333 3417 1371 3482 i'r.

96 3531 136 3590 65
163 3529 319 3612 (Bergk).
345 3529 570 3612 Aesclryl.1'r.
596 3531 670 3597 223.
701 3529 792 3610 Sept.
830 3531 924 3597 1049.
952 3527 1009 3595 bb.
1052 3529 1122 3592 123.
1158 3525 1270 3608 Neque
1305 3531 1371 3590 tam

97 3634 215 3720 inepte,
242 3645 277 3702 ut
302 3637 370 3700 vult
397 3635 557 3720 Engerus,
582 3637 662 3703 haec
691 3637 791 3702 rerba
824 3637 1076 3718 coniunguntur:
1113 3633 1248 3716 impium
1284 3634 1370 3698 enirn

97 3749 130 3805 et
153 3744 309 3812 netarium
334 3749 387 3811 est
411 3745 534 3813 violare
559 3766 646 3826 οιιιιι,
671 3744 727 3826 qui
751 3744 793 3808 αὐ
817 3763 908 3808 araur
932 3740 1115 3823 confugerit
1137 3742 1326 3826 (tiermes).

142 3851 187 3920 Pl.
212 3855 276 3918 455
302 3850 350 3916 ἐπ’
375 3849 782 3938 αὐτοφώρῳ-εἰλημμένω
810 3849 861 3929 „in
888 3850 957 3932 ipso
983 3848 1068 3914 furto
1093 3848 1325 3932 deprehensi“.

143 3961 174 4044 2)
197 3960 262 4026 seu
286 3961 387 4024 multo
412 3960 545 4043 saepius
570 3962 619 4026 έπῖ
644 3979 718 4026 eum
743 3964 866 4024 statum
891 3957 1061 4043 describit,
1093 3957 1148 4040 qui
1184 3959 1282 4024 alicui
1319 3959 1370 4024 rei

101 4084 206 4132 ansam
232 4075 266 4134 et
291 4068 497 4134 occasionem
522 4067 721 4149 praebuerit,
748 4073 784 4132 ut
805 4066 1060 4152 praepositionis
1079 4066 1127 4132 ris
1144 4067 1185 4132 ad
1203 4067 1368 4134 causalem

101 4177 242 4254 proxime
267 4178 418 4244 accedat:
444 4177 507 4258 „ira
540 4179 706 4260 proptor“.
733 4175 856 4243 nouom
895 4193 995 4240 sensu
1032 4193 1090 4240 uos
1124 4176 1369 4258 praepositione

105 4287 204 4364 ¹,npu¹‘
231 4286 363 4352 utimur.

195 4461 203 4468 .
220 4461 307 4470 uno—..a

135 4549 298 4604 *Punctum
317 4557 379 4619 post
398 4553 448 4605 hoe
469 4549 628 4605 vocobulum
649 4551 676 4604 ῖιι
706 4550 856 4617 exemplari
889 4549 1054 4606 Velseoiuuo
1082 4563 1176 4604 errore
1207 4545 1370 4617 typothetae

103 4639 223 4696 omissum
243 4649 292 4694 est
