3298 5368
752 490 795 500 -
822 457 885 517 108
912 491 953 500 -

267 625 301 707 δ)
318 625 398 694 -Ηυο
421 627 565 706 pertinet
589 625 689 689 etiam
713 623 836 688 locutio
862 622 929 689 ἀνθ’
954 621 1056 699 damin
1082 640 1145 702 qua
1170 617 1371 700 praepositio
1396 615 1498 680 iuter·

221 734 297 796 dum
332 751 469 814 prorsus
504 731 571 796 fere
609 729 886 812 compensationis
921 730 1054 796 notione
1080 728 1213 803 amissa,
1239 732 1276 792 ut
1299 726 1333 803 iu
1358 723 1396 788 Α.
1424 725 1498 796 292,

224 838 270 906 Pl.
296 841 369 915 840,
397 841 560 908 causalem
585 839 651 904 vim
678 838 957 918 accipit-‚mquam
982 835 1021 900 ob
1047 835 1164 915 rem“)·.

268 947 305 1010 Α.
330 950 392 1012 292
418 947 486 1013 ἀντὶ
510 942 538 1011 δ’
557 946 604 1012 ὡν
628 932 835 1022 ἐσπεισάμην.
983 1007 985 1016 .

267 1051 305 1115 N.
331 1055 393 1116 023
419 1053 487 1120 ἀνθ’
511 1052 902 1131 ὧν-Ὺτιέμβολος--τὸν
930 1054 1096 1131 στέφανον
1126 1051 1284 1133 ἀφῃρέθη.
1314 1049 1399 1115 1310
1429 1041 1497 1112 ἀνθ’

221 1159 269 1226 ὧν
283 1162 794 1239 -πανουργεῖν,ἤρξατο-λαβεῖν
818 1161 917 1225 κακόν
940 1182 976 1236 τι,
1002 1159 1063 1222 ubi
1077 1160 1145 1224 ἀνθ’
1173 1157 1219 1222 ὧν
1233 1157 1354 1226 dictum
1373 1161 1425 1220 est
1439 1170 1498 1236 pro

222 1267 291 1331 ἀντὶ
313 1267 436 1334 τούτων
456 1268 488 1332 d.
515 1267 667 1334 Ceterum
694 1264 762 1332 ἀνθ’
788 1265 1095 1347 Reisigiodebetor:
1121 1283 1140 1328 a
1164 1263 1257 1334 libris
1283 1262 1366 1334 enirn
1394 1262 1499 1332 abeat.

267 1372 324 1438 Ec.
351 1378 389 1439 17
417 1372 488 1438 ἀνθ’
513 1374 559 1438 ὧν
584 1377 724 1441 συνείσει
748 1377 799 1438 καὶ
822 1377 860 1439 τὰ
883 1377 941 1438 νῦν
970 1373 1180 1453 βουλεύματα
1207 1383 1211 1390 ’

260 1478 316 1542 Pl.
341 1484 405 1545 434
431 1485 542 1545 δοῦναι
566 1482 655 1559 δίκην
676 1476 746 1546 ἀνθ’
772 1481 817 1546 ὧν
844 1482 906 1556 ’ἐμὲ
938 1483 1081 1558 ζητεῖτον
1104 1472 1224 1544 ἐνθένδ’
1248 1475 1415 1558 ἀφανίσαι,
1440 1468 1498 1539 ubi

224 1581 295 1650 ἀνθ’
330 1585 376 1651 ὧν
411 1605 468 1668 pro
506 1588 573 1652 ἀντὶ
607 1589 731 1652 τούτων
768 1586 816 1652 ὅτι
854 1587 977 1652 dictum
1013 1591 1074 1652 est.
1103 1583 1150 1654 of.
1176 1584 1232 1648 Kr.
1258 1582 1285 1659 1,
1313 1586 1363 1655 51,
1394 1582 1442 1656 10,
1467 1585 1498 1643 4.

223 1695 288 1756 840
314 1690 383 1758 ἀνθ’
408 1693 581 1772 ὧν-πρὸς
605 1697 664 1758 τὸν
686 1696 763 1758 θεὸν
786 1694 1045 1771 προσευξόμενος
1068 1693 1148 1769 ἥκοι.

762 2017 839 2082 ΑΝ
868 2016 893 2080 Ε
921 2016 959 2082 Υ.

267 2216 318 2282 De
339 2218 457 2298 sorpta.
483 2219 538 2283 Ar.
565 2235 695 2300 semper
730 2216 833 2282 forma
858 2217 933 2282 ἄνευ
965 2217 1077 2294 utitur,
1104 2216 1167 2282 uisi
1191 2215 1277 2298 quod
1300 2217 1338 2294 in,
1357 2216 1396 2280 A.
1422 2216 1498 2292 834,

222 2325 277 2390 ubi
301 2324 466 2390 homiuem
491 2324 718 2405 Megarenscm
755 2324 939 2405 loquentem
971 2321 1057 2404 facit„
1085 2324 1236 2388 Doricam
1267 2321 1404 2389 formam
1429 2322 1497 2398 άνις

223 2430 345 2511 posuit,
369 2431 454 2495 unde
478 2431 559 2495 haec
584 2431 688 2495 iorura
717 2431 815 2494 etiam
840 2431 873 2494 in
898 2450 926 2492 ν.
955 2434 1017 2492 198
1042 2448 1060 2492 a
1083 2429 1233 2498 Bentleio
1257 2429 1412 2494 restituta
1436 2433 1495 2494 est

269 2537 323 2610 De
345 2557 422 2604 aso.
444 2539 540 2604 Ἄνευ
564 2538 785 2619 praepostera.
801 2537 952 2619 genetivo
981 2537 1147 2614 adiuncta
1170 2537 1291 2618 duplici
1329 2556 1427 2614 sensu
1450 2537 1497 2602 di·

223 2646 317 2712 citur:
342 2647 474 2727 proprio
502 2646 614 2727 „sine“
640 2645 678 2708 de
703 2664 739 2708 re
762 2644 814 2708 vel
837 2662 978 2726 persona
1011 2640 1146 2710 absente
1173 2645 1222 2727 (1)
1248 2650 1284 2712 et.
1303 2646 1496 2728 praegnanti

223 2753 264 2818 dc
287 2771 337 2832 ao,
362 2753 454 2834 cuiue
479 2751 598 2816 auxilio
624 2751 744 2832 aliquis
768 2751 946 2816 destitutus
971 2756 1022 2816 est
1043 2753 1103 2832 (2).

270 2861 302 2943 1)
325 2861 432 2942 Atque
458 2860 578 2940 prioris
603 2857 855 2943 significationis
880 2861 1028 2940 exempla
1060 2859 1141 2924 hacc
1166 2867 1250 2925 sunt:

268 2970 301 3050 a)
327 2986 400 3033 cum
424 2968 473 3031 rei
495 2967 649 3033 adiuncta
673 2972 724 3031 est
747 2970 959 3048 praepositio:

270 3078 307 3141 Α.
331 3077 396 3139 480
422 3074 497 3138 ἄνευ
522 3075 694 3153 σκάνδικος
719 3076 923 3156 ἐμπορευτέα.
960 3079 1023 3140 826
1049 3077 1172 3154 φαίνεις
1195 3075 1271 3140 ἄνευ
1296 3077 1495 3154 θρυαλλίδος.

268 3183 307 3247 Ε.
331 3185 394 3246 881
421 3181 496 3246 άνευ
520 3185 654 3261 χιτῶνος
678 3181 767 3246 ὄντα.

267 3289 306 3354 N.
331 3291 392 3352 370
417 3284 649 3356 ποθ-πώποτ’
675 3288 751 3353 ἄνευ
775 3293 921 3367 νεφελῶν
945 3287 1031 3358 ὕοντ’
1056 3290 1116 3367 ἢδη
1141 3290 1299 3367 τεθέασαι;

267 3393 305 3455 V.
330 3396 391 3456 471
419 3388 487 3458 ἔσθ’
515 3392 606 3471 ὅπως
631 3392 708 3458 άνευ
732 3394 834 3472 μάχης
858 3395 988 3471 καὶτῆς
1019 3395 1181 3470 κατοξείας
1207 3397 1286 3471 βοῆς
1311 3393 1356 3472 εἰς
1379 3395 1496 3471 λόγους

222 3501 367 3577 ἔλθοιμεν
392 3500 555 3577 ἀλλήλοισι
579 3503 629 3564 καὶ
652 3501 834 3579 διαλλαγάς,
857 3499 912 3564 ubi
940 3498 1110 3582 ingeniose
1136 3499 1235 3564 Mein.
1249 3499 1360 3582 (Vitrd.
1384 3499 1416 3581 pl
1441 3501 1496 3582 21)

222 3607 263 3670 ἂν
287 3607 321 3670 ἐκ
343 3624 403 3688 pro
428 3606 504 3670 ἄνευ
530 3605 736 3672 scribendum
761 3606 911 3670 coniecit.
937 3606 1016 3670 Nam
1038 3612 1071 3672 et
1094 3606 1321 3672 coniunctivus
1347 3607 1496 3687 ἔλθωμεν,

223 3719 260 3778 ut
275 3712 370 3795 vulgo
395 3713 560 3788 edebatur,
577 3717 690 3794 aperte
715 3712 854 3778 vitiosus
879 3695 939 3794 est,
954 3719 987 3778 et
1011 3714 1174 3795 optativus
1199 3715 1353 3792 ἔλθοιμεν,
1369 3714 1495 3796 quodV

222 3822 366 3904 praebet,
390 3821 552 3904 particula
589 3820 629 3885 ἄν
665 3821 718 3884 vix
743 3838 857 3886 carere
880 3827 999 3902 potest:
1023 3841 1053 3885 ν.
1077 3821 1135 3886 Κτ.
1159 3819 1203 3900 11,
1230 3826 1288 3901 54‚,
1308 3828 1337 3904 3,
1364 3829 1382 3888 θ
1409 3823 1494 3905 (narn

222 3930 275 3996 hic
308 3948 387 3996 usus
422 3929 622 4012 tragicorum
658 3928 786 3992 videtur
821 3929 975 4010 proprius
1011 3932 1111 4009 esse).
1142 3930 1288 4009 Accedit,
1313 3930 1398 4011 quod
1420 3931 1496 3998 ἄνευ

223 4037 404 4102 sententiae
429 4036 632 4100 adversatur:
658 4041 725 4100 tum
751 4037 835 4102 enirn
861 4035 925 4102 dici
950 4037 1126 4118 posset‚.si
1151 4037 1191 4101 ad
1215 4055 1357 4118 pugnam
1376 4037 1495 4102 clamo-

223 4161 356 4225 remque
381 4163 444 4210 nou
468 4149 661 4225 perventum
698 4152 795 4211 esset:
820 4153 854 4211 at
877 4147 972 4228 louge
1008 4146 1103 4211 aliter
1127 4167 1181 4214 res
1206 4148 1373 4226 sehabet.
1400 4150 1496 4214 Mein.
1525 4189 1528 4198 .

221 4255 330 4319 τιμίαν
355 4250 538 4317 emendatio
563 4251 658 4334 plane
684 4251 747 4317 loci
772 4254 954 4318 sententiae
979 4255 1139 4320 convenit:
1156 4261 1251 4336 „post
1268 4255 1372 4320 rixam
1390 4257 1496 4322 illurn·

222 4376 286 4440 que
321 4358 470 4422 insanum
511 4358 832 4424 clamorem“.-830
872 4359 948 4424 ἄνευ
984 4365 1169 4441 δρυφάκτου
1204 4363 1262 4439 τὴν
1299 4365 1388 4440 δίκην
1428 4367 1499 4441 με’λ-

222 4470 287 4544 λεις
311 4469 428 4540 καλεῑν;
