3326 5372
830 431 1027 492 -184-

346 598 382 662 R..
411 599 473 663 152
497 598 722 680 ἐχρῆν-πρὸς
745 595 886 660 τούτοισι
910 597 945 679 (i.
971 613 999 660 c.
1026 593 1162 678 κεῖσθαι)
1199 594 1243 658 κεί
1265 595 1323 673 τήν
1346 593 1505 673 πυρρίχην
1527 615 1570 672 τις

301 705 397 785 ἔμαθε
419 707 477 783 τὴν
501 704 660 783 Κινησίου.
691 704 775 766 1134
799 702 881 780 πρὸς
904 704 1005 779 τρισὶν
1028 700 1178 779 ἰαμβείοις
1201 722 1228 764 τι
1251 699 1494 778 προσοφείλων,
1519 699 1571 779 qui
1639 699 1640 720 ³

299 811 395 878 iocus
419 815 594 894 corruptus
617 809 757 875 videtur:
782 828 811 873 v.
835 805 953 873 Koclcii
978 827 1050 874 ann.
1075 811 1109 872 et
1133 804 1230 871 Mein.
1256 804 1350 870 Vinci.
1376 824 1408 886 p:
1436 806 1514 869 176.
1640 878 1641 881 γ

342 917 401 984 Εο.
428 921 512 983 1116
538 919 601 995 ἐγώ
625 937 658 981 τε
681 916 764 995 πρὸς
787 915 949 981 τούτοισιν
971 914 990 990 ἡ
1016 915 1177 992 διάκονος.
1639 911 1640 930 ’

343 1023 396 1089 Fr.
423 1027 485 1089 639
509 1023 763 1103 πρὸς-τούτοις
786 1023 900 1100 ἥκετον
931 1022 1054 1101 πρέσβη
1080 1021 1150 1085 δύο.

343 1131 377 1216 b)
399 1130 438 1195 Ε.
464 1133 524 1196 541
551 1132 639 1209 πρὸς·
655 1129 815 1196 τούτοισιν
851 1128 1003 1208 ἔφασκεν.
1039 1131 1102 1192 815
1136 1127 1219 1205 πρὸς
1253 1126 1378 1205 τούτοις
1402 1128 1571 1210 ἀριστώσῃ

300 1239 357 1303 τὸν
379 1237 514 1315 Πειραιᾶ
543 1236 753 1315 προσέμαξεν.

346 1342 383 1406 N.
410 1345 497 1407 1022
521 1343 604 1421 πρὸς
635 1340 1014 1420 τούτοις-ἀναπλήσει.
1051 1341 1133 1404 1219
1168 1337 1344 1418 γενήσομαι
1378 1338 1498 1417 ἐχθρὸς
1533 1337 1573 1402 ἔτι

300 1449 382 1527 πρὸς
401 1448 562 1513 τούτοισιν
586 1446 676 1525 ἀνδρὶ
698 1445 829 1531 δημότῃ.
1641 1459 1642 1498 i

236 1592 237 1596 =
344 1552 384 1622 V.
411 1555 474 1618 686
497 1556 580 1634 πρὸς
601 1554 726 1634 τούτοις
750 1554 990 1634 ἐπιταττόμενος
1009 1557 1137 1636 φοιτᾷς.
1164 1555 1227 1617 776
1250 1553 1333 1630 πρὸς
1348 1554 1383 1616 δὲ
1401 1551 1573 1629 τούτοις-
1641 1547 1642 1620 ἶ

300 1662 369 1742 οὐχὶ
391 1666 509 1728 πεινῶν
532 1662 710 1743 ἀναμενεῖς.
1308 1713 1309 1716 ¹

342 1768 401 1835 Δν.
428 1771 512 1834 1109
536 1769 619 1848 πρὸς
640 1769 802 1834 τούτοισιν
825 1769 936 1847 ὥσπερ
960 1768 995 1833 ὲν
1017 1769 1116 1847 ἱεροῖς
1149 1767 1304 1846 οἰκήσετε.
1641 1797 1642 1870 ῃ

344 1876 402 1942 Th.
426 1881 489 1941 616
513 1877 597 1956 πρὸς
619 1877 743 1955 τούτοις
766 1873 1094 1954 γαστρίδας-ὄντας.
1641 1871 1642 1876 ’

343 1984 381 2047 R.
407 1986 471 2048 553
495 1985 547 2049 καὶ
569 1984 646 2062 κρέα
667 2005 704 2060 γε
727 1985 809 2063 πρὸς
831 1983 991 2049 τούτοισιν
1016 1981 1208 2066 (κατέφαγε),
1233 1983 1288 2047 ubi
1313 1988 1424 2048 tamen
1449 1983 1570 2048 τούτοι·

299 2107 351 2156 σιν
375 2090 473 2155 etiam
498 2108 557 2172 pro
581 2090 760 2156 masculino
783 2088 896 2155 heberi
920 2095 1040 2172 potest.
1079 2093 1164 2154 1194
1198 2094 1299 2167 γραῦν
1334 2091 1450 2170 ἔγημεν
1476 2091 1571 2170 αὐτὸς

300 2197 347 2260 ὢν
368 2198 444 2275 νέος
466 2199 517 2262 καὶ
539 2198 620 2275 πρός
645 2219 680 2275 γε
703 2198 828 2276 τούτοις
851 2201 909 2277 τὴν
933 2199 1048 2263 ἑαυτοῦ
1073 2199 1202 2277 μητέρα.
1572 2212 1575 2218 ’
1641 2185 1642 2210 ³

344 2303 392 2372 Pl.
418 2306 490 2368 540
505 2305 587 2382 πρὸς
610 2305 645 2368 δέ
668 2325 704 2381 γε
726 2304 851 2382 τούτοις
875 2302 944 2369 ἀνθ’
971 2302 1223 2384 ἱματίου-ἔχειν
1248 2300 1356 2384 ῥάκος.

343 2409 525 2494 Singularis
549 2411 631 2490 πρὸς
654 2412 756 2498 τούτῳ
782 2413 884 2477 semel
907 2411 1029 2494 legitur
1053 2409 1086 2476 in

343 2517 401 2585 Th.
427 2521 491 2584 668
514 2520 597 2598 πρὸς
619 2519 751 2602 τούτῳν
769 2521 860 2584 ἔσται
882 2520 1079 2597 παράδειγμα
1102 2518 1236 2598 ὕβρεως.

236 2607 241 2616 ’
344 2623 397 2691 IV.
424 2626 574 2707 Denique
598 2626 679 2704 πρός
704 2645 731 2690 c.
757 2625 822 2691 dat.
846 2626 966 2708 iegitur
988 2625 1022 2690 in
1641 2639 1642 2714 ῃ

342 2733 380 2798 N.
407 2736 492 2798 1010
517 2733 672 2810 καὶπρὸς
705 2732 830 2811 τούτοις
862 2734 1024 2818 προσέχῃς
1059 2734 1116 2797 τὸν
1150 2737 1238 2798 νούν.
1275 2731 1337 2798 Sed
1372 2735 1450 2816 quia
1475 2751 1565 2799 nemo
1641 2719 1642 2758 ί

299 2859 440 2923 unquam
466 2840 597 2904 Atticus
622 2839 670 2903 ita
693 2839 823 2905 videtur
839 2841 973 2935 dixisse,
990 2839 1153 2922 duplicem
1169 2839 1266 2905 huius
1290 2841 1352 2904 loci
1377 2840 1567 2907 emendandi

297 2947 383 3011 viam
407 2945 553 3012 inierunt
575 2946 629 3010 hh.
654 2946 717 3027 du,
743 2964 815 3013 cum
836 2949 892 3013 alii
915 2952 966 3031 (ut
988 2947 1167 3033 Bergkius)
1206 2947 1413 3039 scribendum
1450 2966 1565 3032 propo·

299 3060 417 3120 nerent
441 3055 595 3132 καὶπρὸς
618 3055 778 3122 τούτοισιν
802 3056 886 3140 ἔχῃς,
922 3057 977 3122 alii
1006 3056 1057 3140 (ut
1092 3055 1294 3134 Meinekeus
1327 3057 1423 3122 vind.
1448 3078 1480 3141 ρ.
1518 3055 1566 3136 77)
1641 3060 1642 3130 ξ

300 3166 350 3228 καὶ
372 3163 532 3227 τούτοισιν
554 3164 728 3249 προσέχῃς.
1641 3131 1642 3189 ί

845 3467 1041 3536 [rapa

342 3673 394 3739 De
416 3676 535 3757 formo.
560 3677 627 3754 Ar„
654 3676 708 3741 ubi
732 3676 860 3741 Atticos
894 3677 1066 3758 loquentes
1094 3677 1182 3762 facit,
1207 3699 1336 3761 semper
1359 3678 1463 3744 forma
1486 3676 1566 3756 παρά

297 3784 413 3862 utitur3
439 3783 573 3850 brevior
597 3785 798 3862 formando,
836 3803 930 3866 quam
956 3785 1110 3850 Doricam
1147 3805 1220 3852 esse
1246 3793 1279 3851 ot
1303 3787 1485 3869 Gregorius
1509 3783 1565 3848 Co·

296 3891 444 3958 rinthius
470 3898 586 3958 auctor
611 3899 663 3958 est
682 3893 726 3975 (ρ.
752 3890 841 3975 208),
866 3898 900 3957 et
924 3892 1012 3957 tituli
1036 3893 1156 3959 docent
1179 3894 1310 3977 (Geyer.
1337 3913 1366 3976 p.
1384 3895 1448 3978 13),
1467 3895 1499 3958 in
1517 3908 1565 3956 co·
1623 3893 1625 3898 '

296 3997 424 4065 dicibus
440 4001 553 4065 semel
575 3998 696 4082 legitur
720 4004 795 4065 ante
820 4003 1050 4066 consonantem
1076 3999 1110 4066 in
1134 3998 1170 4066 L.
1198 4003 1292 4078 1309,
1318 4000 1373 4082 qui
1397 4017 1512 4066 versus
1535 3998 1564 4060 in
1641 4045 1642 4079 ,

296 4100 463 4168 Laconum
494 4105 591 4170 choro
616 4104 789 4184 invenitur3
814 4111 990 4187 praeterea
1014 4105 1204 4171 Meinekeus
1228 4106 1260 4170 in
1278 4108 1462 4188 exemplum
1478 4107 1564 4170 recte

299 4210 429 4291 recepit
450 4211 535 4276 hanc
558 4209 696 4277 formam
720 4212 754 4277 in
777 4211 812 4280 L.
840 4214 901 4277 174
927 4218 1002 4276 ante
1039 4217 1273 4279 consonantem
1298 4212 1387 4296 (libri
1414 4210 1513 4294 παρά)
1536 4210 1565 4271 et

298 4317 330 4382 in
355 4316 391 4386 L.
420 4321 504 4382 1302
530 4318 618 4402 (libri
641 4319 734 4400 παρ’)
759 4323 833 4384 ante
858 4318 1017 4396 vocalem,
1036 4321 1090 4400 qui
1116 4337 1232 4386 versus
1254 4320 1333 4386 icem
1351 4339 1370 4384 a
1386 4317 1562 4386 Laconibus

296 4423 463 4504 dicuntum
488 4424 573 4490 idem
601 4426 657 4492 ilie
681 4427 714 4491 in
739 4427 775 4490 A.
802 4429 863 4490 759
889 4430 923 4490 et
947 4428 1009 4490 903
1035 4432 1109 4491 ante
1137 4426 1283 4493 vocalem
1306 4426 1488 4509 proposuit,
1512 4424 1561 4492 ubi

296 4527 394 4595 homo
419 4531 623 4614 iiegarcnsis
648 4539 681 4598 ot
705 4534 848 4598 Boeotus
870 4531 1067 4599 inducuntur
1090 4535 1271 4616 loquentes.

339 4635 390 4702 De
413 4657 485 4702 usu.
511 4641 605 4718 Παρά
621 4641 730 4705 dativo
747 4641 892 4723 iungitur
913 4641 1126 4724 ragenarius
1146 4645 1197 4719 70,
1212 4645 1401 4712 accusativo
1415 4649 1456 4711 57
1474 4641 1559 4711 locis.
