3298 5368
857 469 1064 533 -100-

325 653 400 707 eom
426 641 465 704 ab
492 629 626 722 antiqua
650 631 833 704 Atticorum
859 638 1000 705 dialecto
1025 638 1151 703 alienae
1175 643 1249 703 ess'e
1267 634 1498 714 videanturlu.
1514 633 1586 698 hlei-

324 747 427 814 sterh.
452 766 483 829 p.
512 748 598 828 lli),
624 745 847 827 quaerendum
872 751 931 819 est,
949 764 1025 810 num
1051 752 1157 808 metro
1185 744 1407 824 postulentur.
1430 741 1537 806 ‘'Evere
1556 744 1583 800 et

323 855 456 919 οὕνεκεν
490 854 645 934 leguntur
679 853 713 916 in
746 850 804 917 Ec.
840 858 901 916 669
936 853 970 918 in
1008 853 1091 932 cod.¹
1116 849 1390 932 Florentinoti)
1426 851 1460 912 et
1484 845 1581 910 iliona·

322 961 417 1027 censi
442 961 509 1045 (Ν),
533 961 589 1024 ubi
626 960 780 1027 meliores
816 963 889 1026 cod.
915 961 1020 1027 ἕνεκεν
1047 962 1217 1042 praebent,
1242 964 1285 1037 et,
1311 959 1389 1040 quia
1411 962 1513 1021 metro
1535 954 1580 1018 ad·

322 1076 505 1149 versantur,
532 1069 700 1134 reicienda
724 1077 809 1135 snut.
833 1070 976 1148 Ἕνεκέν,
990 1070 1076 1150 quod
1101 1070 1218 1142 sciam,
1233 1069 1265 1132 in
1290 1066 1383 1132 libris
1400 1067 1496 1130 etiarn
1513 1063 1581 1144 opti-

320 1177 385 1242 mis
424 1183 533 1242 enatat
567 1176 600 1240 in
634 1176 672 1241 N.
708 1179 772 1244 420
809 1176 932 1259 (anap.)
968 1176 1034 1241 ἀλλ’
1067 1177 1174 1240 ἕνεκέν
1209 1194 1244 1250 γε
1276 1178 1397 1253 ψυχῆς,
1436 1172 1491 1237 Εο.
1531 1172 1580 1232 659

321 1283 446 1364 (auup.)
480 1286 609 1347 πολλῶν
644 1282 751 1346 ἕνεκεν
784 1285 823 1360 νὴ
857 1285 915 1347 τὸν
947 1282 1101 1356 Ἀπόλλω,
1126 1281 1175 1349 Pl.
1201 1284 1264 1346 989
1290 1283 1340 1343 καὶ
1369 1283 1468 1343 ταῦτα
1489 1277 1582 1341 τοίνυν

322 1390 381 1469 οὐχ
406 1390 513 1454 ἕνεκεν
536 1391 680 1468 μισητίας
705 1390 750 1471 (in
776 1389 805 1449 V
829 1396 941 1454 tamen
966 1395 1016 1453 cst
1039 1390 1155 1468 ἕνεκα).
1185 1387 1254 1452 Hos
1278 1388 1370 1452 locos
1396 1386 1424 1451 si
1449 1382 1581 1449 conside·

321 1498 516 1572 raverimus,
531 1498 721 1573 videbimus,
740 1499 772 1578 1)
795 1497 880 1562 hauc
894 1498 1029 1562 formam
1055 1499 1088 1561 in
1111 1497 1201 1561 nullo
1220 1513 1335 1560 eorum
1354 1499 1460 1558 metro
1482 1495 1580 1574 postu·

321 1605 393 1680 lari,
408 1604 464 1668 sed
489 1605 522 1668 in
546 1605 710 1684 prioribus
734 1605 908 1687 dactylum,
923 1606 955 1668 in
978 1605 1078 1668 tertio
1103 1604 1307 1668 tribrachum
1332 1599 1471 1675 admitti
1493 1601 1524 1677 2)
1537 1614 1576 1659 νο·

323 1711 442 1776 cabula
473 1711 643 1791 sequentia
678 1709 779 1792 incipi
803 1733 830 1787 γ,
855 1731 881 1787 ν,
907 1733 926 1788 μ
951 1710 1084 1785 litteris,
1107 1729 1192 1791 quae
1216 1729 1312 1792 quam
1339 1708 1464 1774 similes
1489 1707 1578 1770 sintr

321 1819 464 1896 litterae,
490 1819 522 1882 in
548 1837 643 1900 quam
669 1819 776 1884 ἕνεκεν
801 1821 879 1898 erit,
904 1836 998 1883 nemo
1023 1819 1140 1894 nescit
1155 1837 1192 1881 ν.
1219 1818 1308 1882 Bast.
1332 1837 1363 1898 p.
1389 1818 1451 1879 725
1470 1820 1503 1879 et
1518 1813 1577 1874 tlt.

322 1925 414 2002 Quae
452 1943 525 1989 curn
562 1925 608 1989 ita
633 1927 718 2000 sint,
744 1926 906 1991 neminem
943 1917 1021 2007 puto
1057 1931 1262 2008 negaturum,
1287 1925 1372 1990 hanc
1396 1919 1528 1987 lornram
1549 1935 1576 1979 er

313 2033 447 2111 termis,
473 2031 506 2096 in
530 2053 550 2096 u
574 2033 781 2112 exeuntibus,
796 2052 834 2098 eo
851 2038 964 2097 'ortam
983 2049 1067 2108 esse,
1082 2033 1166 2114 quod
1186 2032 1352 2105 librarius,
1368 2049 1441 2095 oum
1457 2042 1576 2110 praepo·
1613 2071 1614 2112 3

322 2139 475 2205 sitionem
502 2139 670 2218 scriberet,
688 2148 878 2221 sequentem
903 2141 1047 2205 litteram
1072 2140 1112 2203 ad
1129 2154 1198 2204 eam
1215 2140 1375 2216 referens,
1391 2139 1496 2201 ἕνεκεν
1513 2131 1575 2198 scri-

320 2253 411 2326 ptum
438 2263 511 2310 esse
536 2244 686 2332 fingebat.
712 2247 818 2327 Atque
842 2249 875 2312 in
900 2248 956 2311 Ec.
976 2251 1037 2310 669
1063 2247 1223 2328 tlactylica
1248 2247 1355 2310 forma
1378 2244 1475 2309 etiarn
1495 2255 1576 2322 pravo

321 2352 463 2417 lectione
500 2353 570 2416 cod.
607 2352 792 2418 Νοῦνεκεν
829 2355 1086 2438 commendatur:
1124 2355 1230 2434 primo
1268 2354 1368 2434 ipit-ur
1396 2349 1474 2414 uera
1496 2345 1575 2412 lectio

323 2459 441 2522 olivero
464 2457 498 2521 in
518 2459 655 2522 ὀὕνεκεν
688 2467 812 2523 mutata
848 2466 907 2536 est,
933 2459 1019 2541 quod
1046 2465 1163 2541 postea
1187 2459 1285 2523 metri
1308 2473 1418 2523 causa
1434 2460 1466 2520 in
1489 2454 1576 2516 ἕνεκεν

321 2569 506 2628 correctum
540 2568 601 2642 est;
627 2566 660 2630 in
684 2565 733 2633 Pl.
758 2569 866 2631 autem
891 2587 919 2630 ν.
946 2573 1008 2632 969
1035 2573 1125 2631 recta
1160 2568 1265 2630 forma
1294 2566 1387 2628 ἕνεκα
1415 2565 1448 2628 in
1473 2558 1537 2625 cod.
1557 2551 1575 2613 l

321 2677 601 2751 repraesentatur.
638 2672 788 2753 Denique
813 2674 846 2738 in
869 2666 913 2738 Nj
932 2677 996 2737 429
1022 2676 1139 2738 οὕνεκα
1175 2675 1275 2738 etiam
1309 2691 1347 2736 eo
1372 2668 1575 2735 confirmatur

329 2778 415 2859 quod
438 2777 672 2859 Strepsiadem,
698 2798 771 2844 cum
796 2781 828 2844 in
853 2801 881 2849 v.
907 2785 970 2845 422
997 2781 1114 2855 ornnie,
1133 2791 1216 2861 quae
1245 2780 1382 2860 eliserat,
1405 2795 1471 2842 uno
1494 2771 1575 2836 verbo

321 2886 446 2949 τούτων
471 2879 758 2966 complecteretur,
777 2888 890 2952 eadem
915 2888 1018 2953 lormo
1042 2889 1301 2970 praepositionis
1318 2905 1413 2952 usum
1431 2901 1501 2949 essa
1516 2895 1574 2944 coo·

321 2997 515 3057 sentaneutn
553 2999 613 3072 ost-3
639 2994 672 3059 in
697 3015 725 3058 ν.
751 2999 814 3060 422
845 3003 953 3060 auteur
990 2997 1182 3080 dactylicam
1211 2997 1347 3061 formam
1373 2993 1491 3075 posuit,
1515 2998 1574 3065 ergo

321 3101 353 3164 in
378 3119 407 3163 ν.
432 3102 497 3162 420
533 3119 665 3184 quoque
700 3105 812 3168 eadem
849 3113 900 3170 est
934 3105 1149 3170 restituenda.
1178 3107 1224 3169 Ac
1249 3121 1289 3169 ne
1315 3104 1387 3184 quis
1413 3104 1445 3166 in
1471 3094 1573 3163 tetulo

322 3206 524 3286 paenultima
559 3210 666 3290 posito
703 3212 859 3291 offendat,
884 3213 996 3276 videat
1018 3212 1056 3275 N.
1082 3217 1144 3276 422
1170 3217 1203 3276 ot
1229 3215 1302 3287 511,
1328 3208 1385 3275 ubl
1409 3210 1455 3274 ita
1479 3207 1573 3270 odorra

321 3313 354 3378 in
379 3317 580 3396 anapaestis,
603 3317 639 3381 P.
667 3323 740 3384 664.
777 3321 835 3383 Αν.
864 3323 958 3382 1544.
996 3319 1052 3383 Th.
1079 3319 1153 3393 443,
1180 3319 1234 3384 ubi
1258 3318 1305 3381 ita
1329 3318 1422 3381 ἕνεκα
1446 3316 1477 3378 in
1501 3322 1573 3375 sena·

322 3420 381 3484 riis
406 3424 679 3501 pronuntiandum
705 3431 766 3490 est,
1185 3447 1187 3454 ¹

365 3530 413 3593 De
437 3530 549 3596 formis
575 3533 679 3596 εἵνεκα
704 3545 736 3596 et
760 3535 877 3598 οὕνεκα
912 3537 1055 3600 omnium
1090 3534 1282 3600 doctissime
1308 3539 1341 3597 et
1366 3521 1572 3612 copiosissime

319 3656 425 3718 nuper
460 3640 527 3720 egit
552 3639 851 3723 blackernageltua
878 3642 971 3707 cuius
1006 3643 1255 3723 disputationis*
1277 3642 1356 3704 haec
1382 3655 1505 3704 summa
1528 3631 1572 3694 est.

321 3745 435 3809 Εἵνεκο
461 3744 604 3809 Ionioaiu
629 3763 705 3812 esse
728 3746 875 3822 formam,
901 3767 964 3812 non
987 3751 1090 3828 mauis
1116 3750 1201 3829 apud
1225 3752 1291 3812 Ar„
1306 3735 1471 3812 ferendam
1496 3753 1571 3824 quart

319 3855 422 3928 ξεῖνος
449 3852 531 3925 sim,
547 3853 663 3918 obtenu
688 3860 797 3918 autem
823 3855 976 3936 antiquae
994 3856 1125 3920 Atticae
1140 3855 1273 3920 dialecti
1287 3854 1460 3935 proprium
1479 3849 1572 3912 luisse,

320 3957 407 4038 quod
432 3965 466 4020 et
490 3959 679 4024 testimonio
706 3962 904 4041 optimorum
929 3963 1086 4026 librorum
1114 3961 1276 4044 Aeschyli,
1301 3959 1483 4041 Sophoclis,
1495 3945 1572 4018 Euri·

223 4058 226 4066 “
320 4063 416 4142 pidis,
446 4064 675 4145 Aristophanis
700 4073 732 4131 et
757 4073 1002 4148 comparatione
1035 4070 1218 4151 linguarum
1246 4068 1466 4134 confirmetur.
1490 4066 1570 4127 Acce·

319 4168 409 4246 dere,
435 4171 520 4251 qnod
544 4173 649 4236 εἵνεκα
671 4173 902 4240 Alexandrinis
928 4183 961 4241 ot
985 4174 1223 4256 posterioribus
1241 4182 1367 4241 tanturn
1391 4191 1457 4238 non
1479 4171 1508 4234 in
1530 4163 1569 4227 de·

318 4275 406 4340 liciis
433 4277 542 4353 inerit,
565 4280 682 4344 οὕνεκα
706 4283 911 4362 temporibus
935 4284 1155 4357 interciderit,
1175 4290 1212 4348 ut
1235 4286 1268 4348 in
1294 4283 1459 4348 codicibus
1481 4267 1570 4341 hocin

299 4381 653 4452 2intorsionem-nullo
678 4395 784 4468 pacto,
810 4390 891 4454 illud
914 4391 946 4456 in
971 4393 1068 4456 huius
1093 4393 1188 4457 laoile
1210 4392 1392 4458 succedere
1414 4377 1568 4471 possetlss

298 4489 421 4556 libris
438 4492 618 4574 igitur·Ar.
641 4500 700 4560 aut
725 4497 887 4576 omnibus,
912 4505 968 4563 aut
992 4505 1081 4564 certe
1116 4501 1252 4580 optimis
1273 4499 1394 4564 formas
1417 4490 1568 4575 dactylico

296 4602 577 4688 *rhis'looistlegb
1239 4613 1253 4632 ‘¹
1295 4613 1312 4625 '¹

402 4721 433 4775 AT
