3298 5368
649 428 852 488 -135-

161 593 199 660 P.
225 599 267 662 93
291 597 371 676 ὑπὲρ
394 593 743 673 Ἐλλήνων-πέτομαι.
781 593 845 656 159
866 592 947 670 ὑπὲρ
976 591 1024 656 ὧν
1046 591 1123 672 τοὺς
1145 592 1268 670 πόνους
1289 594 1392 658 πονῶ.

113 703 184 766 759
209 703 289 781 ὑπὲρ
313 703 402 783 ὑμῶν
423 704 609 782 πολεμίζων.

160 809 197 892 b)
221 812 260 878 Α.
286 813 348 876 318
373 812 453 889 ὑπὲρ
476 817 541 876 τῶν
563 809 881 890 πολεμίων-λέγειν.
907 811 970 874 356
984 809 1086 883 λέγειν
1101 808 1181 885 ὑπὲρ
1199 806 1393 885 Λακεδαιμο-

111 917 206 1000 νίων,
232 917 288 982 uhi
311 919 412 984 Mein.
436 918 507 984 sino
532 917 715 995 οιιαιοπερί
736 915 851 989 edidit·
873 935 903 980 v.
924 917 1058 984 Baohm.
1082 912 1317 996 ρ.“149.-369
1343 913 1394 978 λέ-

111 1024 290 1103 ξαι-ὑπὲρ
313 1025 581 1105 Λακεδαιμονίων.
605 1026 670 1088 482
696 1025 775 1101 ὑπὲρ
798 1023 1056 1102 Λακεδαιμονίων
1086 1020 1214 1098 ἀνδρῶν
1236 1021 1348 1095 λέγειν.

161 1127 203 1192 Ε.
229 1133 314 1194 1018
336 1130 416 1209 ὑπὲρ
440 1133 502 1196 σοῦ
526 1132 615 1195 δεινὰ
635 1130 808 1208 κεκραγώς.

162 1232 224 1300 Th.
249 1239 287 1300 91
313 1232 432 1302 λᾶον8
457 1239 536 1315 ὑπὲρ
555 1237 650 1316 ἐμοῦ.
683 1239 747 1301 542
773 1235 864 1300 εἶπον
887 1235 1090 1312 ἁγίγνωσκον
1115 1233 1195 1310 ὑπὲρ
1220 1230 1392 1310 Εὐριπίδου

116 1341 232 1409 δίκαια.
257 1345 321 1408 545
345 1343 426 1422 ὑπὲρ
450 1343 570 1423 ἀνδρὸς
594 1343 761 1408 ἀντειπεῖν.
787 1346 849 1408 649
874 1343 954 1420 ὑπὲρ
979 1340 1151 1420 Εὐριπίδου
1174 1338 1249 1418 ἡμῖν
1272 1339 1394 1406 ἐλοιδο·

117 1468 214 1525 ρειτο.

164 1557 199 1641 2)
223 1557 293 1624 Neo
317 1560 456 1625 multum
480 1557 591 1624 differt
624 1577 704 1625 usus
728 1556 987 1642 praepositionis
1010 1558 1044 1622 in
1067 1557 1120 1624 his
1142 1558 1312 1640 exemplis,
1337 1556 1393 1622 ubi

118 1666 220 1731 etiam
245 1668 389 1735 causalis
412 1669 504 1734 notio
530 1669 560 1734 ei
585 1667 736 1734 subiecto
759 1655 834 1733 esso
858 1666 998 1732 videtur:

162 1772 200 1840 L.
226 1778 244 1838 9
269 1777 349 1854 ὑπὲρ
369 1776 651 1857 ἡμῶν-ἄχθομαι.

160 1879 200 1944 R.
229 1881 313 1946 1260
337 1880 452 1962 δέδοιχ’
477 1882 555 1960 ὑπὲρ
579 1881 679 1946 αὐτοῦ
704 1881 758 1961 „ei
781 1881 914 1950 timeo“.

163 1987 198 2065 3)
220 1986 330 2052 Semel
348 1987 428 2066 ὑπέρ
451 1987 636 2070 reperimus
659 1987 773 2053 eodem
798 2005 898 2053 sensu
920 1985 1056 2063 dictum,
1076 2003 1140 2068 quo
1165 1984 1294 2066 saepius
1310 1984 1395 2062 πρός

120 2110 147 2160 o.
171 2110 246 2175 gen.
269 2093 401 2160 dicitur:
424 2113 499 2160 nom
524 2114 542 2159 o
564 2094 663 2160 verbo
677 2093 872 2162 obsoorandi
896 2111 1104 2175 suspensum,
1128 2092 1210 2158 illud
1231 2091 1397 2174 designat,

114 2219 178 2280 per
201 2199 290 2283 quod
314 2201 434 2283 aliquis
457 2201 598 2268 alterum
623 2201 775 2268 obsecrat
786 2200 938 2284 (Rossico
962 2203 1027 2266 hoo
1051 2200 1123 2265 solo
1146 2198 1391 2266 instrumentoli

120 2325 198 2374 oosu
223 2307 444 2390 exprimitur):

163 2411 204 2481 V.
230 2419 294 2479 570
318 2414 338 2478 δ
360 2419 464 2496 πατὴρ
488 2417 567 2495 ὑπὲρ
592 2415 699 2482 αὐτῶν
721 2415 778 2499 (ε
792 2420 858 2481 τῶν
891 2416 1080 2498 παιδαρίων)
1105 2415 1217 2494 ὥσπερ
1241 2417 1318 2480 θεὸν
1340 2415 1395 2482 ἀν-

120 2525 237 2600 τιβολεῖ
266 2543 314 2601 με.

165 2629 199 2712 4)
222 2627 367 2706 Quartus
402 2649 482 2696 usus
515 2631 771 2713 praepositionis
808 2631 838 2694 is
861 2636 923 2708 est,
947 2629 1003 2694 uhi
1027 2628 1149 2711 aliquis
1181 2648 1244 2709 pro
1283 2627 1394 2710 aliquo

123 2735 173 2798 vol
199 2734 267 2800 looo
291 2736 431 2802 alicuius
466 2736 590 2818 aliquid
625 2738 735 2803 locere
758 2736 878 2802 dicitur
902 2736 1112 2820 („srriroro“),
1136 2735 1183 2800 ita
1216 2740 1336 2810 tamen,
1359 2747 1397 2800 ut

121 2838 181 2906 hoc
204 2842 240 2906 in
265 2843 337 2908 eius
360 2842 501 2924 gratiam
523 2841 596 2908 fieri
619 2843 795 2908 indicetur.

163 2947 201 3012 N.
225 2951 288 3013 839
312 2950 392 3027 ὑπὲρ
415 2950 493 3028 ἐμοῦ
517 2950 667 3028 μάνθανε.

163 3054 204 3120 V.
232 3059 315 3120 1419
340 3057 529 3134 ἐγὼ-ὑπὲρ
554 3056 655 3121 αὐτοῦ
679 3058 769 3135 δίκην
792 3057 903 3135 δίδωμί
926 3073 991 3121 σοι.

164 3161 222 3228 Th.
249 3165 311 3225 152
336 3157 383 3240 ἔμ’
409 3163 428 3228 ὅ
450 3184 480 3228 τι
502 3165 626 3247 χρῄζεις
649 3164 732 3228 ποίει
755 3164 836 3241 ὑπέρ
858 3183 894 3238 γε
917 3164 1045 3228 τούτου.

166 3269 200 3350 5)
223 3267 314 3334 Huic
336 3268 414 3334 usui
438 3269 625 3336 simillimus
647 3269 677 3335 is
701 3275 763 3350 ost,
777 3269 832 3334 ubi
849 3271 930 3349 ὑπέρ
947 3287 1046 3336 sensu
1063 3268 1215 3352 „nomine
1232 3267 1394 3334 κλαρίου*

122 3373 219 3459 (γοπε
242 3393 338 3452 rouo,
364 3395 427 3442 ors
452 3377 598 3459 ororr“)
620 3377 769 3459 ponitur:

166 3483 202 3546 L.
228 3486 292 3547 210
316 3487 560 3562 λεγέτω-ὑπὲρ
584 3486 673 3564 ὑμῶν
697 3487 760 3565 μία.

379 3789 415 3856 B.
447 3786 589 3864 Ὑπὲρ,
625 3805 653 3853 o.
691 3803 784 3852 acc.
818 3787 1139 3868 coniunctum,

165 3998 190 4062 1.
215 3998 340 4065 Eodem
366 4015 465 4064 sensu
490 4004 589 4080 atque
612 4001 692 4079 ὑπέρ
716 4017 746 4065 o.
762 4021 832 4082 gen.
849 3998 954 4066 locum
978 4001 1139 4084 designat,
1163 4019 1271 4082 supro
1300 4019 1397 4084 quem

124 4103 244 4186 aliquid
268 4112 431 4172 movetur:
1280 4117 1284 4126 ’

164 4209 203 4276 R.
229 4214 313 4278 1438
338 4212 392 4297 (εἰ)
417 4212 542 4291 αἴροιεν
576 4213 672 4293 αιίραι
704 4215 857 4292 πελαγίαν
890 4216 970 4294 ὑπὲρ
1005 4217 1119 4297 πλάκα,
1144 4234 1240 4297 quem
1264 4233 1397 4282 vorsum

124 4335 187 4384 ουκ
208 4337 282 4385 cum
304 4321 462 4401 proximis
498 4319 664 4388 Velsenus
700 4321 836 4402 aliique,
859 4323 1090 4388 Aristarchum
1122 4329 1156 4386 et
1179 4319 1394 4404 Apollonium

125 4425 237 4502 secuti,
262 4443 322 4506 pro
347 4425 535 4492 subdititiis
558 4427 695 4507 habent
719 4427 887 4494 Vahlenus
911 4429 1037 4494 cornico
1060 4427 1207 4496 vindicat
1225 4429 1269 4512 (p.
1284 4433 1304 4494 8
1321 4430 1394 4512 sq.);

123 4527 205 4598 huno
237 4529 466 4600 Baohmannus
504 4532 603 4615 (Phil.
627 4533 657 4594 V
681 4531 794 4618 Suppl.
819 4554 853 4618 p.
876 4534 955 4618 994)
982 4532 1114 4600 refellit.
1149 4534 1232 4600 Mihi
1267 4551 1406 4618 quoquo.

129 4635 176 4700 illi
198 4655 314 4703 versus
338 4639 485 4722 suspecti
509 4645 595 4705 sunt.
