3298 5368
639 476 837 541 -155-

137 649 174 714 L.
201 653 271 714 630
296 645 384 714 ταῦθ’
410 649 538 728 ὕφηναν
565 647 733 727 ἡμίν-ἐπί
755 667 783 710 τ.

138 755 238 820 Aliae
266 757 462 822 locutiones:
1056 784 1059 798 ·

136 861 178 926 Ε.
205 867 384 930 ete-469
409 865 460 928 καὶ
482 858 569 928 ταῦτ’
596 858 648 940 ἐφ’
681 861 767 927 οἷσίν
804 863 870 928 ἐστι
907 865 1152 942 συμφυσώμενα
1187 858 1292 947 ἐγῷδ’·
1329 861 1380 927 ἐπὶ

90 971 154 1047 γὰρ
180 973 255 1050 τοῖς
276 973 460 1052 δεδεμένοις
483 970 676 1050 χαλκεύεται,
700 969 756 1033 nbi
788 970 837 1034 ἐπὶ
871 973 941 1046 τοῖς
975 975 1041 1034 δεδ.
1076 969 1220 1035 breviter
1255 969 1378 1034 dietum

91 1081 144 1142 eat
168 1095 234 1158 pro
258 1080 308 1145 ἐπὶ
330 1087 374 1162 τῷ
399 1079 583 1144 ἀποδόσθαι
605 1078 683 1156 τοὺς
711 1081 776 1143 δεδ.
815 1083 875 1158 „nt
904 1077 1025 1141 vendat
1060 1076 1221 1142 vincuat
1260 1076 1378 1142 Totum

90 1184 182 1249 hune
207 1186 317 1252 locum
343 1185 445 1251 sohel.
469 1185 516 1249 ita
539 1184 790 1265 interpretatur:
814 1185 864 1249 ἐπὶ
893 1185 951 1248 τίνι
985 1187 1188 1262 συμπνέουσι
1218 1187 1269 1249 καὶ
1302 1184 1379 1262 δμο-

92 1296 282 1370 φρονοθσιν
297 1291 315 1356 ὅ
330 1311 362 1356 τε
381 1292 487 1356 Κλέων
501 1290 553 1356 καὶ
567 1292 598 1355 οἱ
616 1292 868 1370 Λακεδαιμόνιοι,
886 1293 987 1370 φησίν
1001 1291 1103 1370 αιἰτὸς
1116 1293 1179 1358 οὐκ
1194 1292 1378 1368 ἀγνοεῖν-

91 1399 163 1474 τοῖς
188 1399 383 1477 δεδεμένοις·
415 1397 561 1462 τουτέστι
589 1389 658 1476 τοῖς
691 1397 886 1475 τριακοσίοις
920 1400 985 1460 τῶν
1020 1397 1288 1475 Λακεδαιμονίων,
1321 1396 1379 1472 οὓς

93 1501 159 1566 ἀπὸ
185 1503 301 1570 Πύλου
325 1506 376 1568 καὶ
399 1503 603 1582 Σφακτηρίας
627 1503 756 1581 ἤγαγεν.
781 1504 840 1581 οὓς
864 1501 951 1568 είπεν
973 1503 1192 1575 ἀποδεδόσθαι
1207 1503 1379 1582 βούλεσθαι

92 1610 151 1674 τὸν
178 1611 321 1676 Κλέιυνα.

140 1717 201 1780 Αν.
227 1719 292 1780 438
316 1715 427 1783 τούσδ’
451 1716 504 1796 ἐφ’
526 1717 645 1796 οἷσπερ
669 1722 737 1795 τοῖς
761 1719 870 1797 λόγοις
894 1715 1035 1786 συνέλεξ’
1068 1720 1141 1795 ἐγώ,
1166 1718 1250 1799 quod
1287 1721 1378 1782 reete

94 1823 247 1890 Koekius
272 1825 468 1889 Germanice
493 1824 593 1888 vertit
619 1843 678 1904 „zu
702 1824 803 1890 deren
828 1824 1038 1908 Anhorung“.
1073 1827 1139 1890 460
1172 1825 1223 1905 ἐφ’
1252 1825 1378 1907 ὅτῳπερ

94 1932 397 2010 πράγματι-ἥκεις.
422 1935 486 1996 583
511 1933 587 2010 τοὺς
612 1929 802 2012 ὀφθαλμοὺς
826 1934 1037 2010 ἐκκοψάντων
1071 1935 1121 1999 ἐπὶ
1155 1935 1259 2015 πείρᾳ,
1292 1932 1380 2013 quod

96 2043 190 2103 recte
215 2039 323 2106 altero
347 2039 472 2104 scholio
496 2038 700 2119 explanatur:
723 2039 777 2102 ‘ivo
799 2044 996 2116 πειραθῶσιν
1028 2039 1168 2119 ἡμῶνεί
1191 2042 1259 2104 θεοί
1282 2041 1380 2116 ἐσμεν

95 2145 285 2226 (dicendum
309 2154 383 2211 erat
404 2149 547 2225 ὑμῶν-
562 2146 661 2228 ἐστε).
688 2149 774 2210 1444
799 2147 850 2211 ἐπὶ
872 2146 1035 2231 τραγῳδίᾳ
1059 2148 1298 2226 ἀνεπτερῶσθαι
1328 2147 1381 2210 καί

96 2259 299 2333 πεποτῆσθαι
322 2257 378 2332 τὰς
403 2254 526 2333 φρένας
552 2254 612 2335 „ad
637 2253 827 2319 scribendas
852 2254 1071 2335 tragoediaa⁴t

141 2359 179 2426 L.
206 2365 270 2425 344
295 2362 707 2440 ἃς-ἶδοιμι-κτιολέμου
733 2363 784 2425 καὶ
807 2365 927 2438 μανιῶν
952 2359 1136 2440 ῥυσαμένας
1170 2360 1306 2424 Ἑλλάδα
1330 2361 1380 2422 καὶ

97 2468 240 2545 πολίτας,
275 2463 328 2547 ἐφ’
353 2468 772 2550 οίσπερ-σὰς-ἔσχον
806 2467 904 2546 ἕδρας
941 2465 1055 2548 „cuius
1082 2468 1130 2532 rei
1155 2468 1288 2532 eanau“.
1316 2469 1378 2530 578

97 2576 575 2656 τοὺς-συνισταμένους-καὶ
598 2576 675 2654 τοὺς
698 2578 870 2652 πιλοῦντας
894 2576 1031 2653 ἑαυτοὺς
1066 2576 1116 2640 ἐπὶ
1145 2578 1215 2651 ταῖς
1239 2575 1377 2654 ἀρχαῖσι,

98 2679 129 2744 λι.
155 2703 185 2748 e.
212 2682 260 2749 ἐπ’
283 2684 382 2748 ἑλπίδι
404 2687 461 2747 τοθ
485 2682 604 2766 ἄρχειν,
627 2687 665 2747 nt
688 2682 735 2748 ait
758 2682 861 2748 schol.

143 2789 203 2854 Th.
228 2793 271 2854 84
293 2790 364 2867 περί
388 2789 713 2868 μου-ἐκκλησιάζειν
737 2789 785 2854 ἐπ’
810 2789 934 2873 ὀλέθρῳ
960 2790 1013 2870 „in
1037 2789 1217 2870 perniciem
1237 2791 1376 2854 meam“.

100 2899 165 2961 804
188 2897 325 2976 ἀνῆλθεν
349 2899 393 2976 ὡς
415 2900 473 2974 aeq
496 2900 650 2974 γυναῖκας
673 2899 724 2962 ἐπὶ
748 2902 848 2979 κλοπῇ
873 2900 930 2962 τοῦ
955 2897 1098 2976 χρυσίου.

144 3005 183 3070 R.
207 3007 384 3071 404-405
409 3003 588 3083 κατεσχίσω
598 3003 685 3067 -έπί
709 3004 823 3080 γέλωτι
845 3001 918 3067 κάπ’
944 3003 1084 3086 εὐτελείᾳ
1119 3006 1169 3068 καί
1194 3004 1232 3068 τὸ
1255 3007 1376 3068 σανδα-

102 3113 210 3177 λίσκον
233 3113 343 3177 καὶτὸ
368 3111 467 3190 ῥάκος
494 3110 602 3192 „risus
626 3109 913 3191 parsimoniaaqoe
938 3114 1069 3176 eausa“.

73 3199 76 3208 ⁴
145 3218 203 3281 Ec.
228 3222 292 3282 573
316 3213 499 3298 κοινῇ-κάπ’
525 3216 716 3295 εὐτυχίαισιν
740 3216 863 3296 ἔρχεται
899 3218 1029 3296 γνώμης
1063 3218 1186 3282 ἐπίνοια
1210 3217 1264 3296 „in
1289 3233 1377 3282 eorn-

103 3343 229 3390 munem
255 3323 445 3390 felicitatem
470 3322 602 3388 advenit
624 3323 744 3388 mentis
770 3323 950 3389 sollertia“.

146 3433 313 3500 Interdum
355 3433 556 3514 praepositio
596 3451 660 3497 non
699 3438 766 3496 tom
798 3431 990 3511 eonsilium,
1026 3449 1092 3512 ηιιο
1132 3433 1255 3513 aliquid
1290 3435 1378 3516 geri·

63 3621 67 3632 ¹
104 3545 165 3618 tur,
200 3559 297 3622 quam
333 3540 376 3618 id,
409 3541 494 3622 quod
520 3539 673 3604 alicunde
698 3540 922 3621 consequitur,
958 3537 1145 3620 significans
1169 3539 1216 3603 ito
1240 3559 1376 3622 usurpa·

103 3651 166 3729 tur,
189 3654 225 3710 ut
248 3646 291 3722 id,
316 3647 402 3728 ηιιοιλ
425 3645 670 3728 praepositione
696 3646 805 3712 dativo
830 3643 981 3728 apposita
1004 3647 1180 3722 indicatur,
1205 3646 1293 3712 idern
1310 3647 1377 3713 iere

105 3752 147 3816 sit
168 3762 268 3834 atque
292 3751 336 3830 id,
362 3753 448 3834 quod
472 3751 698 3818 enuntiatione
731 3752 951 3832 consecutiva,
988 3770 1072 3832 quae
1096 3752 1188 3818 notio
1212 3753 1253 3828 ei,
1279 3771 1375 3834 quam

103 3861 196 3926 modo
220 3858 328 3934 attuli,
355 3858 523 3924 simillima
547 3865 607 3927 est.
633 3859 735 3924 Cuius
759 3878 841 3924 usus
864 3877 964 3924 unum
989 3866 1099 3925 exstat
1125 3861 1319 3941 exeruplum:

144 3967 191 4036 Pl.
218 3969 279 4030 891
307 3967 352 4044 ὼς
375 3967 413 4044 δὴ
437 3961 478 4030 ’π’
504 3965 894 4048 ἀληθείᾳ·διαρραγείης,
932 3966 973 4030 de
999 3985 1063 4048 quo
1087 3967 1159 4032 loeo
1183 3965 1375 4032 Meinekens

103 4071 207 4152 (Vind.
233 4088 263 4154 p.
289 4074 368 4155 θλῖ)
394 4075 445 4136 est
475 4069 670 4138 audiendus:
706 4071 867 4153 „Sensum
901 4072 976 4148 ioci,
1015 4075 1068 4140 eui
1104 4073 1375 4140 Hemsteriiuaiua

104 4177 318 4248 inveteratum
339 4180 437 4246 ulcus
461 4177 634 4244 inhaerere
658 4181 787 4258 statuit,
814 4179 901 4245 huno
931 4197 1006 4248 esse
1029 4185 1119 4262 puto:
1143 4180 1275 4244 ιιιίααπι
1299 4179 1376 4246 haee

105 4305 177 4352 reru
198 4289 268 4352 stat
291 4291 389 4368 ίαηαα
404 4305 492 4368 prae
515 4285 629 4350 inedia
652 4285 893 4367 disrumperis.
919 4288 968 4352 Ad
992 4283 1039 4354 ἐπ’
1065 4288 1207 4372 ἀληθείᾳ,
1239 4288 1374 4369 proprie

105 4413 139 4458 ea
162 4393 229 4477 lopo
252 4399 287 4458 ut
311 4414 390 4458 uero
411 4393 482 4458 sint
505 4411 588 4472 quoe
612 4397 647 4456 tu
684 4391 836 4472 loqueris,
860 4393 1076 4477 supplendum
1099 4399 1165 4459 τῶν
1199 4409 1253 4460 σοι
1288 4397 1374 4460 λελε-

104 4503 231 4580 ιμένων,
257 4502 369 4570 eadem
393 4501 524 4568 dieendi
547 4500 725 4580 brevitate,
749 4520 815 4584 qna
838 4521 866 4567 v.
893 4505 957 4566 910
981 4500 1104 4582 legitur
1137 4502 1166 4566 εί
1190 4519 1244 4566 σοι
1267 4519 1370 4580 προσ-

106 4612 179 4686 ῆκον
202 4612 308 4690 μηδέν,
345 4629 416 4676 tom
438 4606 525 4674 ια’ίιίί
548 4627 660 4674 eorum
683 4627 767 4690 ριιαα
790 4613 826 4674 tu
851 4608 983 4694 salapia
1006 4607 1052 4675 ιιιί
1078 4613 1107 4674 te
1144 4608 1297 4675 attineat.
1322 4609 1372 4678 Si·
