3326 5372
664 503 855 561 -171—

166 665 211 736 R.
238 673 300 733 544
324 671 407 747 πρὸς
431 669 546 732 τοῦτον
571 669 706 748 βλέπων.

172 775 250 840 Alio
272 773 321 840 ris
347 776 497 840 subiecta
515 779 566 839 est
581 775 820 858 praepositioni
844 775 877 840 in
903 777 961 839 Αν.
984 769 1081 854 1331,
1104 773 1144 838 (lc
1168 793 1232 856 quo
1256 793 1286 842 ν.
1311 768 1409 840 infra.

168 883 428 962 κεχηνέναι
466 899 544 963 ,ore
567 881 678 947 hiante
706 885 890 966 spectare“:
926 879 965 946 E.
991 883 1051 946 651
1079 883 1161 960 πρὸς
1191 877 1238 960 ἔμ’
1263 881 1408 962 ἐκεχήνε-

121 1005 202 1055 σαν.
229 991 294 1054 804
321 991 401 1074 (ἵνα)
426 989 508 1070 πρός
532 1007 569 1056 σε
593 989 718 1073 κεχήνῃ.
745 993 831 1054 1118
849 991 932 1068 πρὸς
952 983 1179 1065 τὸν-λέγοντ’
1196 989 1244 1053 ἀεὶ
1261 989 1406 1070 κέχηνας,

167 1093 208 1160 N.
236 1097 300 1160 996
324 1097 406 1176 πρὸς
429 1099 528 1160 ταῦτα
559 1099 712 1176 κεχηνώς.

169 1203 208 1286 3)
232 1203 355 1268 Eadem
392 1205 441 1268 vis
476 1201 606 1268 videtur
639 1203 876 1286 praepositioni
902 1203 1051 1269 subiecta
1083 1220 1158 1268 esse
1182 1198 1216 1267 in
1239 1201 1406 1268 nonnullis

119 1307 361 1388 locutionibus,
386 1325 470 1391 quae
495 1328 512 1372 e
538 1308 647 1374 verbis
672 1328 853 1394 suspensae
886 1317 971 1384 sunt,
996 1307 1118 1374 nnllam
1143 1308 1311 1374 notionem
1337 1325 1413 1373 mo-

119 1413 224 1479 rendi
248 1413 504 1492 continentibus,
528 1421 565 1479 ut
588 1416 712 1493 ἡλιάσει
735 1419 818 1496 πρὸς
841 1417 932 1496 ἥλιον
954 1415 1088 1498 proprie
1107 1413 1279 1498 significat:
1299 1413 1404 1496 ,iudi
1491 1473 1494 1478 ,

120 1523 214 1588 cium
251 1521 432 1600 exercebis,
457 1521 497 1585 ad
522 1521 623 1588 solem
660 1523 984 1600 convenustando
1019 1522 1102 1587 haec
1123 1521 1248 1588 locutio
1273 1523 1406 1588 omnino

119 1629 177 1712 ,in
206 1631 309 1708 sole“,
336 1647 400 1707 ,na
423 1629 572 1704 cousula“
603 1631 714 1696 valere
750 1631 871 1713 coepit.
911 1631 1014 1722 Quam
1048 1625 1224 1695 dictionem
1250 1629 1300 1694 his
1323 1629 1411 1696 locis

28 1785 29 1794 ,
118 1737 277 1822 legimus:

166 1846 284 1921 πρὸς
306 1844 408 1926 (τὸν)
429 1844 573 1921 ἥλιονε
597 1845 635 1910 N.
661 1849 722 1910 711
751 1848 959 1926 στάς-πρὸς
981 1846 1039 1910 τὸν
1062 1845 1162 1923 ἥλιον.

167 1949 207 2018 V.
237 1953 298 2014 112
322 1949 448 2025 ἡλιάσει
471 1953 554 2029 πρὸς
576 1953 679 2030 ἥλιον.

170 2055 211 2118 Ρ.
238 2057 302 2120 561
327 2057 545 2136 διαστίλβουσι
569 2061 652 2138 πρὸς
674 2083 701 2124 r.
725 2061 755 2138 ἥ.

167 2163 231 2228 Εο.
259 2167 300 2227 64
324 2165 516 2244 ἐχραινόμην
540 2167 670 2231 ἑστῶσα
698 2169 781 2244 πρὸς
802 2188 829 2230 τ.
853 2167 884 2243 ἥ.
911 2165 958 2231 Cl.
983 2165 1083 2230 Mein.
1105 2163 1203 2230 Vind.
1227 2183 1258 2245 p.
1285 2167 1360 2228 185.

169 2269 226 2334 Fr.
252 2272 316 2334 603
341 2270 505 2348 λούσησθε
530 2273 581 2336 καί
606 2273 793 2349 κτενίσησθε
814 2273 897 2350 πρὸς
918 2293 945 2334 τ.
971 2271 1002 2348 ἥ.

173 2373 307 2441 Similes
334 2381 410 2441 sunt
432 2374 626 2442 locutiones:

172 2485 294 2562 πρὸς
318 2483 394 2566 (τό)
418 2487 471 2548 πῡ
487 2503 515 2561 p:
540 2485 578 2550 A.
605 2489 664 2549 151
692 2487 893 2563 διαπεινᾶμες
915 2486 1015 2548 ποττὸ
1038 2485 1111 2562 πῦρ.

171 2589 215 2653 V.
242 2593 305 2653 113
330 2592 413 2669 πρὸς
436 2613 463 2655 τ.
487 2615 518 2657 π.
543 2593 733 2670 καθήμενος.

170 2697 209 2762 Ρ.
240 2701 322 2762 1131
349 2701 432 2777 πρὸς
454 2703 518 2776 πῦρ
542 2701 684 2764 διέλκων.

166 2829 191 2870 π
207 2825 225 2883 ρ
240 2805 258 2868 ὀ
272 2826 299 2893 ς,
323 2807 403 2882 τὴν
436 2804 626 2883 αἰθρίαν
662 2805 721 2872 Th.
748 2808 829 2870 1001
858 2805 966 2885 οἰμῶξι
988 2805 1072 2883 πρὸς
1093 2825 1120 2868 τ.
1145 2803 1265 2882 αίτρίαν
1289 2801 1407 2886 (verba

30 2947 31 3000 χ
122 2910 265 2994 Scythae
293 2911 393 2994 sunt).

29 3151 31 3270 1

168 3018 219 3083 ΡΙ.
246 3021 331 3082 1129
355 3017 529 3085 ἀσκωλίαζ’
553 3019 691 3084 ἐνταῦθα
714 3020 797 3098 πρὸς
819 3041 846 3083 τ.
872 3017 1006 3098 αἰθρίαν.

167 3129 287 3205 πρὸς
319 3129 399 3191 τὸν
434 3125 555 3203 ἀέρα;
579 3126 618 3191 N.
646 3129 708 3190 198
731 3129 816 3206 πρὸς
839 3150 867 3191 τ.
891 3127 921 3190 ά.
946 3128 1008 3192 ἔξω
1032 3127 1209 3205 διατρίβειν.

168 3234 286 3311 πρὸς
322 3233 461 3310 ε1λην;
486 3231 542 3296 ur.
565 3233 629 3296 621
653 3234 737 3311 πρὸς
761 3233 799 3297 εἰ.
823 3233 941 3313 ἰχθύων
965 3233 1170 3309 ὠπτημένων.

168 3341 287 3418 πρὸς
321 3339 506 3419 λύχνοω
530 3340 569 3402 Ρ.
595 3341 658 3404 692
681 3339 805 3405 ἅπαντα
828 3340 911 3418 πρὸς
933 3345 961 3403 λ.
988 3337 1216 3417 βουλεύσομεν.

168 3445 294 3513 Eodem
322 3445 429 3511 refero

170 3554 208 3622 R.
236 3553 321 3616 1301
347 3554 508 3634 (Μοῦσα),
531 3555 614 3634 πρὸς
634 3556 734 3633 ἥνπερ
758 3555 917 3632 ἐπιτήδεια
940 3555 1016 3620 τάδε
1038 3551 1068 3629 γ’
1089 3555 1176 3636 ᾅδειν
1200 3553 1287 3630 μέλη,
1313 3551 1402 3633 quod

129 3662 243 3726 codem
267 3660 363 3725 modo
388 3661 510 3726 dictum
537 3669 598 3738 est,
623 3666 660 3726 ut
682 3664 766 3745 πρὸς
799 3662 901 3728 αὐλόν
934 3661 1064 3743 aliaque
1099 3659 1131 3724 id
1166 3675 1281 3740 genus.
1317 3658 1404 3722 Huic

130 3766 330 3834 simillimum
354 3772 406 3833 est
428 3767 481 3835 Fr.
505 3769 581 3844 430,
611 3773 638 3832 1.

171 3873 224 3940 ur.
249 3877 324 3954 430,
352 3883 365 3938 1
394 3875 470 3958 ᾖδεν
493 3874 648 3955 Ἀδμήτου
672 3877 771 3953 λόγον
794 3877 877 3955 πρὸς
901 3875 1053 3954 μυρρίνην
1079 3871 1139 3957 ,οά
1163 3874 1339 3956 myrtum“.

170 3985 206 4064 4)
229 3981 288 4047 Bis
310 3981 396 4061 πρός
420 4001 448 4047 c.
473 4000 541 4048 acc.
567 3983 697 4050 videtur
721 3989 834 4064 partes
859 3999 958 4065 agere
981 3982 1064 4060 πρός
1088 3999 1116 4049 c.
1140 3979 1215 4062 dat,
1239 3995 1312 4044 cum
1336 3995 1403 4043 non

129 4090 250 4155 moveri
270 4109 338 4155 rem
363 4089 403 4154 ad
427 4087 575 4164 alteram,
601 4091 660 4154 sed
685 4092 811 4156 versari
836 4087 922 4172 apud
946 4105 1016 4155 earn
1043 4085 1175 4154 indicet.

169 4197 205 4260 P.
232 4200 317 4262 1183
342 4199 488 4276 προστὰς
510 4199 593 4277 πρὸς
621 4200 679 4262 τὸν
702 4198 885 4275 ἀνδριάντα,
908 4195 996 4278 quod
1019 4195 1131 4260 eodem
1156 4192 1254 4258 modo
1278 4191 1402 4257 dictum

129 4308 188 4382 est,
212 4321 276 4386 quo
300 4321 360 4368 nos
379 4301 520 4370 dicimus
540 4322 663 4388 ,crana
688 4323 732 4370 nn
758 4303 913 4386 craryc“,
938 4322 1011 4368 narn
1037 4299 1114 4367 alibi
1138 4300 1290 4365 ίστασθαι
1308 4316 1404 4382 prae-

128 4409 330 4490 positionem,
356 4411 500 4494 quietern
526 4409 738 4492 indicantem,
754 4409 907 4493 requirit
925 4431 954 4478 ν.
974 4409 1059 4478 inira
1075 4408 1171 4486 παρά.
1196 4404 1245 4476 cf.
1269 4403 1312 4473 N.
1338 4411 1400 4470 111

130 4511 184 4582 Εο.
209 4519 262 4581 64.
