3328 5370
703 421 707 428 '
794 429 969 492 —28-

286 596 343 665 Th.
368 603 433 666 456
458 599 492 664 ἐν
515 599 655 676 ἀγρίοισι
677 600 747 674 τοῖς
771 600 926 678 λαχανοῑς
960 595 1093 673 τραφείς
1128 593 1334 678 „agrestibus
1376 592 1554 660 oleribus

242 704 455 774 unuuitud.
488 703 537 770 cf.
563 703 602 768 R.
628 704 703 768 729.

284 810 322 874 R.
349 813 412 878 340
437 810 760 890 ἔγειρε-λαμπάδας,
784 811 819 874 ἐν
841 811 932 889 χερσὶ
955 809 1131 872 τινάσσων.
1169 807 1230 870 729
1266 807 1468 886 τραφέντας
1509 808 1550 874 eu

242 919 450 996 παλαίστραις
474 918 524 982 καί
547 921 660 998 χοροῖς
676 920 726 984 καὶ
746 921 892 998 μουσικῇ;
911 912 1051 978 cuplae.
1070 912 1254 983 0111101)
1273 914 1307 977 ἐν
1323 919 1551 999 γυμναστικῇ,

241 1026 293 1088 καί
315 1030 448 1108 μουσικῇ
474 1026 644 1091 παιδεύειν.
1429 1091 1432 1098 .

230 1161 235 1172 ·
286 1129 334 1196 Pl.
360 1133 424 1195 488
449 1132 484 1196 ἐν
506 1136 591 1195 τοῖσι
614 1132 721 1208 λόγοις
745 1129 962 1207 ἀντιλέγοντες
1000 1128 1128 1208 „allatis
1162 1126 1348 1218 retionibus
1396 1131 1546 1195 eontra-

242 1237 409 1304 dieentes“
435 1237 496 1302 vel.
514 1243 759 1322 „oppugnantes
784 1238 856 1302 eius
882 1236 1064 1303 orationem
1095 1234 1312 1302 rationibus&

287 1344 321 1427 8)
346 1343 534 1426 Sequuntur
558 1346 743 1436 locutiones
770 1342 984 1411 adverbiales.
1287 1415 1290 1420 ,

288 1451 334 1515 ἐν
370 1456 453 1532 βρα
469 1457 549 1532 χεῑι
574 1451 631 1517 Τίι.
660 1455 718 1515 177
746 1452 815 1534 (qui
838 1468 955 1516 versus
979 1449 1152 1531 Euripidis
1165 1449 1236 1542 ¹est)
1259 1449 1292 1514 ἐν
1311 1453 1432 1527 βραχεῖ
1457 1452 1543 1514 πολ-

242 1559 549 1637 λοὺς-συντέμνειν
572 1560 690 1637 λόγους
716 1557 913 1639 „breviter“,
944 1555 1007 1624 ubi.
1023 1559 1057 1622 ἐν
1081 1556 1210 1622 videtur
1236 1573 1274 1620 eo
1300 1573 1408 1620 sensu
1435 1574 1543 1623 usur·

243 1670 354 1746 patum
380 1663 463 1745 esse,
488 1666 526 1732 de
551 1684 615 1749 quo
640 1667 737 1732 modo
763 1666 825 1752 egi,
850 1666 944 1730 σίέν
969 1669 1079 1744 βραχεῖ
1101 1663 1237 1746 proprie
1263 1662 1308 1729 sit
1328 1660 1395 1746 (ἐν)
1417 1667 1542 1744 βραχεῖ
1651 1652 1652 1739 i

178 1833 181 1840 .
242 1773 328 1856 λόγῳ
355 1771 490 1854 „paucis
514 1773 661 1849 verbis“‚
699 1771 904 1853 „brevibus“.
941 1768 988 1836 Cf.
1019 1769 1117 1853 Soph.
1147 1769 1199 1836 El.
1235 1772 1299 1834 673
1338 1771 1374 1834 ἐν
1418 1776 1541 1856 βραχεῖ
1651 1766 1652 1769 ’

241 1881 364 1955 ξυνθεὶς
387 1879 480 1954 λέγω.
514 1877 552 1944 Ο.
578 1878 614 1949 C.
644 1883 725 1948 1581
753 1877 823 1942 οὐδ’
846 1876 865 1941 δ
888 1881 988 1956 μύθος
1013 1878 1047 1942 ἐν
1073 1881 1182 1956 βραχεῖ
1205 1878 1331 1955 φράσαι
1352 1877 1539 1963 πάρεσριν.
1652 1915 1653 2010 ῳ

287 1985 332 2050 ἐν
365 1986 473 2069 δίκῃ,
498 1986 583 2068 quod
608 1986 697 2052 idem
732 1986 842 2050 valere
866 2001 905 2048 ae
927 1985 1056 2062 δικαίως
1085 2002 1102 2046 e
1133 1983 1192 2048 Th.
1220 1986 1283 2046 830
1307 1989 1468 2066 apparet.
1495 1985 1539 2056 Ε.

234 2095 308 2159 ,258
333 2094 368 2157 ἐν
391 2097 419 2156 δ.
444 2094 588 2178 (τύπτει).
1252 2175 1253 2180 ¹

287 2198 324 2265 N.
352 2203 435 2264 1332
460 2202 495 2266 ἐν
518 2206 546 2265 δ.
573 2201 603 2266 σ’
627 2204 771 2267 ἔτυπτον.
799 2205 882 2292 1333
907 2202 1028 2279 πατέρα
1051 2200 1175 2264 τύπτειν
1191 2201 1226 2264 ἐν
1244 2203 1271 2263 δ.
1291 2201 1375 2262 1379
1397 2203 1437 2268 ἐν
1453 2208 1483 2272 δ.
1504 2200 1535 2280 γ’

242 2309 283 2375 ἂν
307 2307 476 2388 (τύπτοιο).

288 2409 325 2476 V.
351 2414 411 2476 421
439 2413 490 2491 οἷς
513 2411 539 2491 γ’
562 2415 735 2480 ἀπώλεσαν
759 2415 915 2480 Φίλιππον
939 2415 973 2478 ἐν
997 2418 1036 2494 δ.,
1075 2413 1131 2477 ubi
1158 2412 1342 2506 Richteius:
1386 2399 1536 2496 ‚‚schol.‚v

245 2511 362 2604 inquit,
398 2520 433 2584 ἐν
470 2522 538 2604 δίκῃ
562 2521 646 2588 male
670 2522 911 2603 interpretatus
936 2525 988 2585 est
1010 2522 1045 2585 ἐν
1067 2526 1103 2603 τῇ
1127 2521 1205 2604 δίκῃ,
1239 2522 1308 2586 ἀντὶ
1341 2527 1402 2586 τοῦ
1443 2526 1534 2590 δικά-

242 2631 362 2703 Ζοντεςι
388 2626 475 2707 quod
497 2632 594 2708 poete
616 2627 732 2708 procui
757 2626 856 2704 dubio
879 2625 1017 2691 dixisset
1040 2627 1075 2689 ἐν
1097 2631 1133 2708 τῇ
1159 2631 1198 2704 δ,
1224 2626 1253 2692 si
1268 2625 1307 2690 de
1326 2644 1431 2694 eausa
1455 2629 1534 2711 ipsa

244 2731 404 2798 voluisset
426 2733 546 2798 dicere.
572 2731 626 2797 Ἐν
650 2735 717 2818 δίκῃ
735 2733 822 2798 idem
840 2739 892 2798 est
908 2731 993 2813 quod
1009 2729 1126 2810 ὀρθῶς,
1147 2734 1285 2810 δικαίως,
1304 2733 1406 2814 idque
1426 2752 1531 2818 saepe

245 2837 377 2903 obvium
418 2844 503 2905 est...
542 2839 678 2905 Fatetur
718 2839 903 2922 Bdelycleo,
943 2855 1038 2904 senes
1077 2837 1266 2921 Philippum
1298 2838 1370 2902 iure
1406 2841 1529 2911 conde-

245 2946 409 3010 mnasse“.
436 2947 500 3010 508
520 2947 555 3011 ἐν
578 2950 605 3011 δ.
629 2943 746 3030 (αἰτίαν
770 2945 850 3026 ἔχεις
874 2949 972 3011 ταῦτα
995 2945 1100 3026 δρᾶν).

290 3050 327 3114 Ρ.
354 3055 417 3116 628
442 3052 476 3115 ἐν
500 3057 528 3116 δ.
554 3054 625 3134 (τὰς
649 3055 770 3133 κράδας
793 3053 991 3134 κατήσθιον).
1186 3121 1189 3128 ,
1651 3089 1653 3170 ῳ

289 3158 347 3222 Th.
372 3161 438 3222 830
461 3162 496 3225 ἐν
520 3165 548 3224 δ.
573 3159 761 3241 μεμψαίμεθ’
784 3161 824 3226 dv
848 3166 954 3226 τοῖσιν
978 3161 1135 3237 ἀνδράσιν
1159 3160 1288 3236 δικαίως
1324 3159 1418 3240 „iure
1457 3178 1527 3228 me·

244 3265 409 3346 riteque“.

290 3373 335 3436 ἐν
366 3377 496 3457 καλῳε
520 3373 578 3438 Ee.
605 3377 667 3438 321
694 3377 713 3453 ἢ
737 3376 900 3454 πανταχοῦ
924 3394 973 3437 τοι
996 3374 1110 3451 νυκτός
1132 3373 1219 3438 ἐστιν
1251 3373 1286 3437 ἐν
1309 3377 1412 3458 καλῷ,
1437 3371 1527 3456 quod

244 3479 329 3544 idem
355 3484 415 3557 est,
440 3499 478 3544 ec
504 3482 533 3546 si
556 3482 694 3547 dixisset
717 3481 815 3546 καλόν
839 3480 908 3544 ἐστι
930 3483 1184 3566 Ἰ,ορροιίιιιιιιιικ
1211 3478 1421 3543 commodum
1441 3481 1525 3556 est“;
1645 3511 1653 3585 ῳ

247 3584 286 3651 ci.
311 3585 369 3650 Th.
395 3589 471 3665 292,
495 3606 525 3668 p.
555 3595 604 3650 17.
1645 3600 1652 3624 ἰ

290 3694 333 3759 ἐν
358 3693 711 3777 κύκλῳίίιιτουίίιιι
735 3695 834 3759 etiam
859 3696 973 3778 κύκλῳ,
1000 3698 1037 3758 ut
1060 3692 1119 3757 Th.
1147 3695 1210 3757 999
1243 3691 1346 3776 alibi):
1382 3695 1422 3760 A.
1461 3695 1524 3757 998
1651 3629 1653 3766 Ι

244 3801 375 3880 περίτι)
399 3801 517 3880 χωρίον
541 3801 658 3884 ἐλᾷδας
682 3801 767 3867 άπαν
791 3803 827 3867 ἐν
851 3803 954 3887 κύκλῳ
980 3799 1132 3884 (ἐλάσαι).

289 3906 327 3972 Ε.
355 3911 418 3971 170
443 3908 546 3972 κάτιδε
570 3909 629 3986 τὰς
651 3909 775 3987 νήσους
798 3909 929 3986 ἁπάσας
953 3909 987 3974 ἐν
1011 3929 1040 3971 κ.

290 4013 329 4078 V.
357 4018 418 4080 133
442 4017 500 4090 τὴν
524 4014 625 4092 αύλὴν
649 4013 780 4080 ἅπασαν
803 4016 939 4093 δικτύοις
961 4014 1238 4090 καταπετάσαντες
1262 4012 1297 4079 ἐν
1321 4036 1347 4081 κ.
1373 4019 1437 4080 432
1463 4015 1523 4081 τύλ-

245 4124 383 4202 φθαλμὼ
405 4133 435 4186 ’ν
459 4121 563 4206 κύκλῳ
588 4127 734 4199 κεντεῖτε,
760 4123 847 4205 quod
871 4120 1062 4188 Meiuekeus
1090 4139 1128 4185 ex
1159 4117 1296 4186 Elmslei
1333 4123 1521 4186 coniectura

245 4227 359 4298 edidit:
383 4247 457 4294 nam
482 4229 515 4294 in
539 4226 618 4294 Rev.
641 4228 762 4312 legitur
786 4231 989 4320 τώφθαλμυιν
1014 4228 1129 4313 κύκλῳ,
1146 4227 1179 4292 iu
1205 4227 1322 4292 ceteris
1338 4229 1520 4309 τώφθαλμὼ

246 4360 275 4402 κ.
300 4340 364 4400 924
387 4336 602 4415 περιπλεύσας
631 4338 725 4402 θυίαν
754 4337 788 4402 ἐν
811 4360 839 4402 κ.

292 4445 350 4509 Αν.
379 4445 441 4506 118
465 4446 516 4507 καὶ
539 4447 599 4522 γῆν
623 4444 761 4510 ἐπέπτου
789 4446 840 4510 καὶ
861 4444 1019 4508 θάλατταν
1044 4444 1078 4507 ἐν
1103 4464 1130 4507 κ.

291 4549 326 4614 L.
353 4553 415 4615 267
441 4551 476 4618 ἐν
500 4573 529 4618 κ.
553 4552 660 4628 θέντες
683 4554 722 4616 τὰ
746 4553 869 4630 πρέμνα
891 4551 990 4618 ταυτί.

1284 5069 1653 5366 ᾼ-Ἁί
