3328 5370
833 439 881 504 It

219 610 326 675 Alvin.
351 611 400 674 De
425 628 488 675 usu
511 608 768 692 praepositionis
791 609 877 685 παρά
901 607 986 689 apud
1009 608 1110 672 Thuc.
1135 607 1301 689 Upsaliae.
1329 611 1422 674 1873.

219 719 297 782 Anz.
323 717 585 782 Exercitationes
610 716 744 780 criticae
769 715 802 780 in
825 717 882 779 Ar.
910 715 1117 780 Rudolstadt.
1144 718 1239 780 1871.

221 825 421 891 Bachmann.
446 824 715 890 Coniecturarum
740 822 1070 905 observationumque
1086 823 1399 908 Aristophanearum
1416 843 1488 906 spe-

439 932 593 998 0101001.
618 930 804 1012 Gottingae.
831 933 926 994 1878.
1132 985 1134 990 .

311 1091 324 1122 „
443 1040 506 1105 Zur
527 1037 638 1102 Kritilr
661 1037 719 1102 der
743 1037 946 1102 Komoedien
969 1036 1027 1101 des
1052 1040 1106 1103 Ar.
1131 1037 1333 1120 (Philologus
1359 1037 1486 1120 VSup-

438 1145 675 1228 plementband.
701 1145 778 1209 Helt
801 1144 846 1223 2).
879 1128 974 1211 1889.

220 1253 431 1337 Bakhuyzen.
456 1253 509 1316 De
543 1251 679 1334 parodia
712 1251 744 1315 in
783 1249 960 1315 comoediis
994 1239 1233 1332 Aristophanis.
1270 1251 1413 1316 Traiecti
1449 1252 1488 1314 ad

428 1359 587 1425 Rhenum.
613 1361 708 1422 1877.

219 1469 393 1549 Bamberg.
434 1464 695 1531 Exercitationes
720 1465 854 1530 criticae
889 1465 924 1528 in
948 1463 1177 1546 Aristophanis
1200 1465 1343 1531 Plutum.
1366 1465 1486 1533 Berlin.

432 1577 526 1636 1889.
1342 1587 1345 1596 ’

308 1729 322 1762 ,,
431 1677 697 1744 Exercitationes
722 1679 857 1743 criticae
882 1677 915 1744 in
945 1679 1174 1761 Aristophanis
1208 1679 1340 1744 Plutum
1375 1697 1489 1744 novae.

432 1785 549 1851 Gotho.
577 1791 672 1851 1885.

218 1897 310 1963 Bast.
336 1893 575 1959 Commentatio
598 1893 881 1976 palaeographica.
905 1893 1048 1976 Lipsiae.
1074 1899 1169 1960 1811.

218 2001 417 2067 Bernhardi.
441 2001 488 2064 De
513 2001 727 2066 incisionibus
752 2001 920 2082 anapaesti
955 2001 988 2065 in
1011 2002 1161 2067 trimetro
1196 2001 1321 2066 comico
1346 2002 1490 2068 Graeco-

429 2125 502 2171 rum
528 2107 625 2188 (Acta
653 2107 821 2172 societatis
857 2106 1044 2190 philologae
1077 2106 1267 2189 Lipsiensis.
1303 2107 1424 2173 Tomos
1448 2109 1490 2192 1).

425 2213 568 2294 Lipsiae.
595 2212 690 2278 1872.

222 2319 424 2402 Bernhardy.
448 2320 771 2386 Wissensehaltliche
795 2320 913 2404 syntax
937 2321 995 2386 der
1019 2321 1151 2386 Grieoh.
1189 2320 1341 2404 Sprache.
1367 2322 1488 2388 Berlin.

433 2433 525 2496 1829.

218 2534 369 2600 Bossler.
396 2535 445 2599 De
469 2520 748 2617 praepositionum
772 2553 835 2598 000
850 2533 935 2615 apud
952 2533 1139 2612 Pindarum.
1156 2533 1368 2598 Darmstedii.
1394 2536 1488 2600 1862.

220 2639 346 2706 Christ.
370 2641 493 2705 Metrik
516 2641 575 2706 dor
599 2641 762 2706 Griechen
785 2642 850 2705 und
874 2641 1006 2706 Romer.
1030 2641 1174 2726 Leipzig.
1201 2643 1296 2705 1874.

228 2747 341 2813 Cobet.
365 2747 488 2812 Variae
511 2747 681 2814 lectiones.
706 2746 1108 2830 Lugduni-Batavorum.
1135 2751 1230 2812 1873.

230 2855 387 2920 Debbert.
411 2855 460 2918 De
473 2855 754 2937 praepositionum
766 2857 836 2934 περί
849 2861 881 2921 et
896 2856 975 2935 ἀμφί
991 2873 1052 2920 000
1068 2853 1289 2938 Thucydideo.
1305 2856 1492 2938 Regimonti

428 2961 482 3026 Pr.
510 2965 605 3026 1880.

231 3068 374 3138 Frltsch.
399 3067 656 3151 Verglelchende
680 3069 901 3152 Bearheitung
925 3069 983 3135 der
1003 3068 1134 3135 Griech.
1165 3088 1196 3136 u.
1220 3069 1289 3137 Lat.
1314 3067 1492 3133 Partiheln.

432 3179 450 3238 2
475 3175 581 3240 Theil.
606 3175 757 3241 Giessen.
784 3179 879 3242 1858.

228 3282 345 3366 Geyer.
371 3282 628 3349 Observationes
662 3283 889 3365 epigraphicae
925 3281 965 3346 de
999 3301 1112 3364 praep.
1148 3283 1203 3352 Gr.
1238 3284 1341 3349 forma
1363 3287 1396 3347 et
1418 3301 1492 3348 usn.

430 3389 633 3473 Altenhurgi.
660 3395 755 3455 1880.

224 3493 370 3562 Golisch.
397 3495 447 3561 De
470 3499 750 3579 praepositionum
766 3516 828 3560 usu
845 3496 1063 3580 Thucydideo.
1079 3497 1168 3562 Part.
1191 3498 1309 3562 I-VI.
1331 3495 1495 3562 Schneid-

429 3605 506 3668 nitz.
535 3607 762 3676 teto-1877.

225 3706 458 3776 Grundstrd‘m.
482 3710 531 3775 De
553 3729 616 3776 usu
639 3729 753 3792 praep.
770 3712 852 3788 πρός
868 3711 954 3791 apud
970 3710 1198 3794 Thucydidem.
1213 3711 1377 3793 Upsaliae.
1397 3713 1494 3776 1873.

221 3813 349 3882 Hanov.
374 3817 660 3883 Exercitationem
686 3818 877 3882 criticorum
903 3817 936 3882 in
968 3818 1111 3884 comicos
1135 3818 1280 3885 Graecos
1312 3819 1392 3885 libri
1413 3824 1494 3884 tres.

430 3923 467 3989 L.
491 3925 516 3990 1.
541 3923 635 3988 Halis
660 3921 832 3988 Saxonum.
859 3927 954 3993 1880.

225 4029 436 4096 Heruerden.
461 4031 619 4096 Analecta
638 4031 753 4096 critica
769 4030 809 4094 ad
824 4030 935 4107 Thuc,
952 4031 1038 4114 hys,
1051 4031 1160 4114 Soph.
1171 4032 1337 4114 Aristoph.
1350 4038 1383 4098 et
1395 4033 1494 4099 comi-

435 4156 546 4202 corum
566 4135 774 4203 Graeoorum
794 4137 987 4220 fragmenta.
1007 4139 1151 4205 Traiecti
1167 4141 1206 4204 ad
1221 4138 1379 4204 Rhenum.
1399 4144 1494 4206 1868.

318 4292 332 4325 ,,
467 4245 708 4328 Aristophaneo
733 4246 899 4328 (Hermes.
927 4251 968 4311 24
992 4249 1066 4332 Bd.)
1092 4251 1187 4313 1889.

224 4351 338 4418 Kahle.
363 4351 411 4418 De
427 4354 476 4418 ἐπί
488 4373 600 4436 praep.
616 4371 679 4419 000
693 4353 875 4436 Euripideo
889 4373 965 4436 pars
980 4353 1005 4422 I.
1019 4355 1187 4437 Merburgi
1199 4354 1378 4421 Cattorum.
1389 4355 1495 4422 ’1888

223 4459 328 4523 Kock.
353 4457 432 4525 Veri
447 4459 568 4525 similia
577 4459 701 4542 (Jahrb.
721 4459 740 4524 l.
759 4461 855 4526 class.
869 4461 984 4526 Philol.
997 4460 1043 4526 VI
1055 4459 1377 4546 Supplementband).
1397 4468 1493 4533 1812.

224 4565 419 4632 Kuemmell.
443 4567 492 4630 De
518 4586 628 4648 praep.
653 4569 703 4633 ἐπί
729 4586 802 4632 cum
827 4569 957 4634 casibus
982 4569 1175 4635 coniunctae
1190 4587 1253 4635 usu
1273 4568 1495 4652 Thucydideo.

432 4674 573 4740 Bonnae.
601 4679 695 4740 1815.
