3328 5370
667 475 845 536 ...73-

105 637 263 704 niumvit.
298 639 493 705 Bentleiana
528 639 729 722 emendatio¹
754 640 877 723 Lysiae.
907 640 982 705 loco
1013 642 1066 722 ,(6,
1105 641 1162 724 52)
1198 643 1386 722 ἐχερνίψατο

106 745 144 807 έκ
167 747 229 820 τῆς
252 743 340 823 ἱερᾶς
362 747 507 826 χέρνιβος
528 747 723 826 defenditm;
748 747 834 829 apud
869 747 1031 814 Botheum
1067 749 1172 814 nudus
1212 749 1383 829 genetivus

107 849 281 932 displicet.
305 850 402 932 Nam,
423 854 509 935 quod
532 854 723 936 Blaydeains
744 854 786 918 ad
807 854 839 918 b.
864 855 895 919 ⁴l
932 861 1077 920 annotat:
1116 854 1244 934 „Quum
1279 874 1385 936 aeque

107 960 193 1024 bene
215 959 346 1023 dicatur
369 962 496 1040 χέρνιβα
520 961 639 1039 ῥαίνειν
659 963 731 1038 περὶ
754 960 864 1039 βωμόν
888 968 921 1024 et
951 963 1075 1041 χέρνιβι.
1091 964 1300 1040 περιρραίνειν
1324 968 1385 1042 βω·
1422 949 1426 956 ’

112 1068 181 1144 μόν,
205 1073 348 1148 utraque
374 1068 617 1132 constructione
641 1066 781 1131 conflata
804 1073 896 1133 recte
912 1068 1035 1132 dieitur
1049 1068 1150 1132 etiam
1169 1071 1301 1150 χέρνιβα
1320 1069 1387 1150 (vel

113 1173 271 1253 χέρνιβος)
289 1175 501 1252 Ιπεριρραίνειν
525 1175 643 1253 βωμόν.
667 1173 861 1240 Cuiusmodi
873 1180 951 1239 aunt
973 1175 1127 1240 αἰτεῖσθαί
1144 1177 1173 1239 τί
1188 1193 1266 1252 τινα,
1283 1181 1386 1240 ποιεῖν

117 1282 143 1342 τί
163 1301 240 1355 τινα,
267 1284 301 1344 et
325 1299 408 1362 qnae
432 1288 509 1347 sunt
530 1281 813 1358 similia-‘S-haee
842 1281 913 1346 viro
937 1282 1163 1348 eruditissimo
1188 1301 1253 1348 non
1276 1301 1386 1349 assen-

117 1389 189 1460 tior,
214 1387 304 1470 quod
326 1387 490 1453 eiusmodi
514 1389 666 1454 conflatio
678 1390 772 1454 omni
789 1386 960 1470 analogiae
978 1399 1152 1472 repugnat.
1169 1389 1285 1455 Solent
1299 1391 1385 1465 enim
1471 1462 1474 1467 f

115 1493 214 1558 verba
239 1511 313 1558 cum
337 1497 408 1572 περί
431 1495 614 1576 composita
635 1496 782 1560 dativum
806 1503 840 1559 et
863 1497 1087 1562 accusativum
1124 1499 1303 1573 asciscere,
1325 1515 1387 1562 neo

112 1601 214 1667 ullum
223 1615 285 1678 est,
295 1602 382 1683 quod
393 1601 557 1684 duplicem
565 1603 788 1668 accusativum
802 1603 962 1670 admittat.
972 1602 1020 1668 Cl.
1035 1621 1213 1686 aspergere
1224 1603 1299 1684 alqd
1312 1604 1386 1684 alqa

111 1727 147 1770 re
168 1708 223 1772 vel
246 1708 347 1772 alicui
364 1710 448 1791 alqd.
468 1709 597 1792 Exque
616 1709 767 1785 efficitur,
788 1711 1010 1776 accusativum
1030 1713 1169 1790 χέρνιβα,
1188 1728 1265 1791 ergo
1287 1710 1386 1774 etiam

110 1836 182 1894 pen.
207 1819 365 1896 χέρνιβος,
389 1823 477 1882 reete
502 1816 659 1898 explicari
682 1836 747 1882 non
771 1835 876 1899 posse.
908 1816 1037 1884 Bentlei
1063 1817 1321 1882 emandationem
1346 1817 1386 1881 G.
1496 1861 1500 1876 .

113 1922 324 1990 Hermannus
348 1943 477 2007 quoque
502 1923 600 2006 (Opp.
624 1923 714 2002 VIII,
737 1943 769 2006 ρ.
795 1925 874 2002 283)
896 1923 1058 2004 probavit3
1077 1925 1165 2004 quod
1188 1935 1297 1988 autem
1321 1925 1384 1996 bic,

110 2031 230 2097 Botbei
254 2031 478 2096 coniecturam
510 2032 716 2114 impugnans,
752 2031 898 2112 intellegi
934 2048 1031 2110 posse
1067 2038 1174 2110 negat,
1211 2030 1287 2110 qnid
1323 2030 1387 2094 sibi

111 2138 194 2202 illud
218 2140 256 2214 γέ
278 2139 368 2214 velit,
391 2143 521 2203 tantum
542 2139 646 2217 abed,
669 2145 707 2202 ut
728 2139 761 2201 ei
784 2138 958 2214 assentiar,
989 2143 1027 2201 ut
1048 2134 1076 2213 γ’
1104 2139 1140 2202 en
1177 2137 1388 2202 scribendam

112 2263 274 2312 censeam.
292 2245 384 2310 ‚Nam
407 2248 549 2326 primum
573 2248 609 2322 γέ
629 2252 666 2310 et
688 2247 722 2309 τέ
746 2245 939 2325 saepissime
965 2246 999 2309 in
1023 2244 1193 2310 codicibus
1230 2243 1386 2310 conlundi

111 2355 198 2420 inter
224 2371 339 2420 omnes
364 2360 502 2430 constat
527 2354 647 2418 deinde
671 2371 746 2417 cum
769 2355 805 2428 γέ
820 2352 984 2434 particula
999 2353 1030 2416 ei
1047 2353 1123 2416 addi
1140 2353 1256 2430 soleat,
1276 2352 1394 2434 „quod

24 2499 25 2504 ν
111 2462 245 2528 notione
270 2461 310 2525 ad
333 2479 432 2525 unam
457 2461 665 2541 potissimum
689 2479 759 2525 rem
784 2460 967 2526 coercenda
990 2466 1023 2525 et
1043 2460 1271 2541 restringenda
1288 2466 1385 2541 anget

24 2609 25 2612 =
112 2578 184 2634 atur
221 2569 332 2651 aliqua
365 2569 398 2633 vi
433 2576 467 2632 et
505 2569 669 2634 audientis
704 2568 814 2636 animo
855 2568 1103 2633 commendetur
1137 2567 1382 2631 vehementius“

24 4589 26 4644 l

24 4649 26 4688 l

24 4712 25 4754 l

113 2673 269 2754 (Ellendt.
283 2673 318 2736 L.
330 2673 429 2753 soph.
444 2673 480 2738 in
491 2673 546 2756 a),
560 2674 613 2738 hic
629 2679 739 2738 autem
764 2673 891 2754 pondus
915 2673 1076 2738 orationis
1099 2673 1216 2752 procul
1233 2673 1332 2737 dubio
1352 2674 1386 2737 in

113 2787 182 2860 μιᾶς
206 2781 315 2859 eadat,
340 2799 413 2844 cum
437 2781 577 2844 maxime
600 2800 659 2846 suo
682 2781 756 2846 loco
788 2781 955 2862 particula
988 2781 1097 2861 posita
1124 2797 1199 2844 esse
1235 2779 1313 2844 mihi
1338 2780 1387 2841 vi·
1444 2839 1446 2842 .

112 2889 224 2954 detur.¹
241 2887 355 2970 Neque
375 2888 550 2952 'collocatio
573 2888 841 2968 praepositionis,
871 2887 1075 2953 substantivo
1111 2893 1145 2950 et
1180 2887 1252 2951 eius
1289 2889 1385 2950 attri-

111 2995 187 3061 buto
210 2995 429 3074 interpositae
451 2998 495 3076 (v.
520 2995 652 3061 Bachm.
677 3014 707 3074 pr
730 2997 823 3076 ¹149),
849 2994 1019 3060 offensioni
1044 3001 1155 3075 potest
1191 3012 1278 3060 esse:
1309 3011 1384 3057 nam

115 3098 296 3182 lysistrata
315 3102 349 3168 in
373 3102 585 3167 eaoratione
610 3108 799 3166 constanter
823 3100 891 3166 fere
914 3102 1063 3167 ¹elatiore
1096 3117 1219 3181 genere
1254 3099 1384 3165 dicendi

113 3210 226 3274 utitur.
251 3208 407 3274 Ceterum
434 3209 625 3291 Blaydcsius
653 3211 782 3288 χέρνιβα
818 3209 917 3272 etlam
956 3209 1201 3289 „gutturninm“
1240 3206 1385 3287 intellegi
1471 3256 1473 3259 .

111 3333 209 3396 prosse
234 3315 435 3397 dicitquod
451 3336 568 3382 vereor
584 3335 623 3380 ne
640 3316 805 3382 erraverit
827 3317 878 3379 vir
902 3316 1031 3381 doetus:
1048 3333 1123 3378 nam
1140 3317 1252 3393 χέρνιψ
1267 3314 1398 3388 Ααίυίοι

112 3441 241 3506 semper
257 3442 347 3505 aqua·
357 3424 516 3503 lustralis,
534 3443 596 3488 non
612 3443 681 3498 vas,
698 3424 732 3489 in
745 3424 832 3506 quod
849 3441 934 3504 aqua
946 3420 1176 3488 infundebatur
1208 3420 1284 3501 (boc
1298 3421 1383 3485 enlm

111 3537 288 3612 χερνιβεῐον
310 3531 366 3596 vel
387 3533 650 3610 περιρραντήριον
668 3530 938 3614 denuntiasse
962 3529 1102 3596 videtur.
1129 3578 1133 3586 .
1392 3528 1396 3537 '

154 3641 212 3707 Th.
241 3639 387 3704 wiardo
410 3639 445 3702 ἐκ
468 3641 597 3717 θυρίδος
620 3641 884 3718 παρακύπτωμεν.
935 3660 938 3669 ’
1365 3683 1367 3690 ,

154 3747 203 3812 Pl¹
228 3749 270 3812 39
293 3749 321 3811 τί
345 3745 425 3823 δῆτα
448 3747 570 3825 Φοῖβος
595 3747 713 3811 ἔλακεν
732 3748 767 3810 ἐκ
789 3749 855 3811 τῶν
879 3746 1084 3824 attacorum
1287 3765 1289 3774 ’
1358 3767 1397 3803 ιιι·

156 3854 188 3936 e)
212 3853 289 3918 Iam
312 3853 411 3917 liceat
434 3852 513 3916 mibi
536 3852 655 3918 afferre
679 3853 766 3916 haud
789 3853 838 3918 ita
855 3853 967 3918 multa
998 3849 1162 3930 exempla,
1195 3849 1236 3913 in
1269 3849 1387 3931 quibus

116 3961 154 4022 de
177 3959 366 4040 cambria
352 3959 483 4041 rapacia
506 3959 652 4036 bamam,
676 3960 867 4042 tragoediis
892 3961 1012 4040 agitur.
1078 3977 1091 4005 ν
1110 3977 1124 3994 ι·
1209 3965 1212 3974 ’

156 4064 196 4130 V
215 4069 303 4130 580·
309 4069 384 4144 πρὶν
406 4067 526 4130 doh-dr<
548 4069 616 4144 τῆς
631 4067 750 4146 Νιόβης
773 4065 843 4143 επηί
832 4066 984 4148 ῥῆσιν.
1060 4083 1062 4090 ·

155 4171 191 4236 Ρ.
218 4176 303 4237 1012
328 4179 486 4257 μονῳδεῖν
510 4175 545 4237 ἐκ
573 4174 726 4253 Μηδείας
1396 4215 1399 4240 ι

156 4280 215 4346 Th.
243 4286 305 4346 135
329 4279 395 4346 κατέ
421 4281 578 4360 Αἰσχύλον
602 4283 638 4346 ἐκ
660 4285 716 4358 τῆς
731 4281 944 4357 Λυκουργείας
960 4281 1098 4358 ἐρέσθαι
1119 4282 1183 4340 ’170
1199 4273 1260 4341 olb'
1278 4280 1387 4353 erae-

114 4388 212 4466 πόρον
236 4391 273 4454 έκ
294 4392 350 4454 τοῦ
375 4388 603 4466 Παλαμήδους.
685 4418 698 4440 ·.
759 4431 763 4440 ι
799 4411 802 4416 ’
877 4435 880 4442 .
1028 4418 1030 4427 >

156 4492 183 4576 i)
206 4492 261 4563 Ἐκ
284 4495 481 4575 nominibus,
506 4512 623 4574 eorpus
646 4495 783 4575 eiusque
819 4499 941 4574 partes
961 4491 1236 4575 significantibus,
1272 4491 1393 4556 adium

118 4605 201 4665 etum
224 4599 276 4668 his
300 4602 383 4668 loeis
415 4601 592 4666 invenitur:
