3376 5380
790 499 990 563 -214-

304 662 339 728 L.
366 670 448 731 1041
488 667 561 732 οὔτε
596 667 709 746 δράσω
746 671 896 746 φλαῦρον
929 667 1036 746 οὐδέν,
1061 665 1130 730 οὔθ’
1159 665 1215 748 ὑφ’
1251 669 1341 746 ὑμῶν
1375 668 1544 746 πείσομαι.

261 772 346 835 1145
370 775 459 838 ταυτὶ
481 774 640 852 παθόντες
662 780 728 839 τῶν
751 771 929 851 Ἀθηναίων
953 773 1025 840 ὕπο.

303 877 362 943 Ee.
389 881 473 943 1106
499 880 554 944 ἐάν
577 880 743 944 τι-πὰθιο
768 879 830 944 ὑπὸ
854 882 960 943 τοῖνδε
982 881 1052 943 τοῖν
1081 881 1308 958 κασαλβάδοιν.

303 984 351 1049 Pl.
380 990 462 1049 1029
488 985 522 1050 εὖ
545 986 689 1052 παθόντα
711 984 764 1052 ὑπ’
789 987 887 1065 ἐμοῦ..

306 1091 379 1156 Ηυο
403 1091 595 1157 referendus
618 1097 669 1158 est
691 1093 794 1169 loeus,
818 1093 858 1156 ab
884 1092 1045 1175 Aeschylo
1068 1093 1201 1174 petitus,

305 1200 363 1263 Αν.
389 1202 456 1264 808
478 1200 547 1264 τάδ)
572 1199 632 1280 οὐχ
655 1199 707 1266 ὑπ’
733 1200 849 1276 ἄλλων,
867 1199 1038 1278 ἀλλὰτοῖς
1057 1203 1163 1265 αὐτῶν
1179 1205 1315 1280 πτεροῖς,
1331 1201 1417 1283 quod
1435 1199 1544 1266 schol„
1641 1247 1643 1254 .

260 1305 511 1387 interpretatur:
536 1310 588 1372 καὶ
609 1308 701 1388 ἡμεῖς
724 1307 796 1389 οὖν,
818 1310 930 1387 φησὶν,
944 1308 1003 1387 οὐχ
1024 1305 1077 1372 ὑπ’
1103 1308 1209 1374 ἄλλων
1236 1293 1403 1388 πάσχομὲν
1427 1309 1546 1382 ταῦτα,

261 1412 343 1478 ἀλλὰ
366 1418 403 1494 τῇ
429 1415 552 1480 ἑαυτῶν
575 1417 695 1496 γνώμῃ.
1384 1437 1386 1447 ·

306 1519 446 1602 Reliqua
473 1522 633 1602 exempla:

307 1625 348 1696 Ε.
375 1631 437 1692 630
461 1627 480 1703 ἡ
507 1628 772 1709 βουλὴ-ἐγένεθ’
794 1629 846 1694 ὑπ’
872 1629 973 1693 αὐτοῦ
998 1631 1290 1709 ψευδατραφάξυος
1319 1631 1399 1694 πλέα
1424 1647 1543 1710 „sena-

261 1741 316 1800 tus
343 1736 381 1800 ab
406 1754 446 1800 eo
464 1734 645 1802 mendaciis
664 1736 815 1817 oppletus
832 1737 916 1800 est“.
937 1740 1021 1801 1163
1040 1737 1371 1815 εὐδαιμονήσω-ὑπὸ
1388 1741 1454 1801 τῶν
1471 1737 1544 1814 ἐρα·

265 1847 353 1907 στῶν
369 1863 415 1900 ·...··
435 1849 621 1922 „amatores
644 1844 777 1909 beatum
801 1862 854 1908 me
876 1843 1046 1908 reddent“.

308 1949 366 2014 Th.
392 1953 455 2014 543
479 1951 666 2030 τιλλομένην
689 1969 725 2028 με
749 1954 797 2014 δεῖ
820 1954 931 2015 δοῦναι
955 1953 1044 2030 δίκην
1060 1951 1116 2031 ὑφ’
1129 1952 1218 2030 ὑμῶν
1237 1949 1540 2034 „puniriavobist

308 2057 342 2141 b)
368 2054 598 2122 ditentur
622 2055 903 2139 (ἀπ-,ἐξ-λε
932 2057 969 2121 P.
994 2061 1057 2122 483
1089 2059 1152 2123 ὑπὸ
1187 2059 1551 2136 τοῦ-λιμοθ-ἑξοι
1670 2117 1671 2136 p

265 2164 416 2240 λωλότες.

310 2269 357 2332 Pl.
385 2272 470 2334 1174
494 2264 638 2334 ἀπόλωλ’
663 2270 726 2334 ὑπὸ
751 2274 851 2348 λιμοῦ.

309 2399 332 2442 π
345 2378 366 2441 ἀ
379 2392 401 2440 ο
414 2398 432 2456 χ
446 2396 461 2440 ε
474 2399 483 2440 ι
494 2396 523 2440 νε
546 2377 583 2446 L.
609 2379 694 2441 1146
719 2381 834 2461 δῃοῦτε
857 2379 976 2458 χώραν,
992 2377 1031 2456 ἧς
1055 2377 1107 2444 ὕπ’
1123 2377 1157 2442 εὖ
1173 2377 1361 2454 πεπόνθατε,
1379 2377 1434 2442 ubi
1452 2380 1543 2458 χώρα

267 2503 327 2564 ριο
353 2483 471 2549 ineolis
493 2483 616 2548 dictum
641 2490 702 2549 est.

311 2591 346 2675 4)
371 2590 455 2656 Tum
480 2609 558 2656 vero
583 2593 645 2657 ὑπό
670 2610 804 2656 eausam
839 2594 1019 2674 proximam
1054 2593 1425 2673 („ueuoepeporoouuaa
1464 2609 1546 2672 upu-

267 2698 390 2780 uuna“)
424 2695 597 2780 signifieat.
637 2697 700 2762 Hie
735 2697 798 2762 duo
834 2699 1042 2779 potissimum
1076 2713 1198 2779 genera
1232 2699 1462 2764 discernimus:
1489 2700 1546 2761 aut

268 2805 487 2871 adventiciam
511 2805 755 2889 (staturum)
777 2806 817 2871 ab
840 2807 1016 2887 animoque
1051 2805 1195 2870 hominis
1227 2806 1366 2870 alienam
1391 2805 1439 2888 (a)
1469 2821 1549 2870 eeu·

268 2930 336 2976 sam
362 2911 513 2994 designat
535 2911 749 2993 praepositio,
767 2919 824 2979 aut
844 2913 977 2978 insitam
995 2892 1284 2995 (ῃααρτροιιττιιιιῖ)
1308 2911 1341 2976 in
1365 2909 1543 2990 animoque

267 3017 456 3083 haerentem
482 3016 542 3100 (δ).
1302 3039 1304 3046 ι

313 3125 345 3205 ο)
371 3125 410 3189 In
435 3143 535 3190 causa
559 3123 746 3190 adventicia
769 3127 847 3190 item
873 3127 936 3190 duo
960 3142 1081 3207 genera
1102 3125 1318 3191 discernenda
1340 3129 1427 3190 suut:
1447 3138 1546 3188 eausa

269 3230 415 3297 efficiens
440 3231 861 3317 („npousnopnnran“)(aa)
886 3238 920 3296 et
945 3250 1045 3298 eausa
1061 3231 1243 3314 impediens
1257 3231 1552 3314 („upenarornyro·

270 3340 384 3422 mau“)
409 3339 442 3422 (b
464 3340 488 3424 ).

316 3446 369 3530 aa)
393 3445 489 3511 Effiei
525 3453 635 3512 autem
671 3447 779 3530 aliqua
803 3465 840 3511 re
865 3452 974 3528 potest
1005 3452 1062 3511 aut
1085 3452 1190 3512 status
1215 3446 1335 3527 aliquis
1361 3445 1550 3510 conditione

273 3555 420 3634 eorporis
446 3555 503 3639 (α),
531 3560 588 3619 aut
612 3556 698 3620 aetio
723 3556 780 3639 (β).
818 3554 886 3620 Noc
922 3555 1197 3636 praetereundum
1225 3557 1287 3633 est,
1309 3568 1445 3618 eausam
1482 3549 1550 3617 effi·

272 3661 412 3726 cientem
436 3661 521 3742 apud
547 3663 601 3728 Ar.
627 3681 757 3745 semper
781 3664 950 3728 abstracta
971 3661 1103 3727 notione
1138 3661 1286 3742 exprimi3
1311 3661 1548 3742 impedientem

272 3771 383 3832 autem
408 3785 541 3833 eausam
567 3774 601 3832 et
623 3787 796 3850 personam
822 3775 856 3833 et
878 3783 953 3834 rem'
973 3775 1008 3833 et
1024 3771 1225 3834 abstractum
1245 3783 1319 3833 esse
1335 3784 1446 3849 posse.
1467 3766 1549 3832 Cum

272 3875 312 3940 de
338 3881 427 3942 statu
451 3877 599 3958 eorporis
625 3878 740 3960 agitur,
762 3878 873 3960 aliqua
895 3895 933 3942 re
958 3875 1083 3958 effecto,
1099 3874 1162 3940 hoo
1180 3893 1284 3958 genus
1299 3875 1430 3940 dicendi
1449 3873 1554 3955 aptis-

272 3983 356 4048 sime
383 3983 538 4048 cohaeret
562 4002 634 4047 eum
659 4002 711 4062 eo,
725 3993 765 4048 de
784 4001 847 4066 quo
864 3983 961 4048 modo
978 3982 1229 4062 disputavimus:
1247 4000 1321 4045 uam
1338 3982 1421 4045 haee
1437 3978 1552 4059 verba,

273 4095 395 4154 statum
421 4089 568 4172 corporis
605 4089 835 4172 significantia,
861 4090 984 4172 aliquid
1007 4091 1160 4172 passivae
1191 4087 1335 4154 notionis
1360 4087 1469 4152 omnia
1492 4085 1551 4148 ha·

271 4197 360 4271 bent,
385 4203 423 4260 ut
447 4201 562 4261 κοπιᾶν
585 4199 647 4262 ὑπὸ
669 4203 735 4262 τῶν
760 4198 891 4274 ἀγαθῶν
912 4197 983 4280 (Au.
1010 4197 1088 4278 teo)
1114 4201 1165 4262 est
1194 4197 1311 4279 „bonis
1337 4193 1550 4276 defatigatum

275 4306 382 4372 esso“.
421 4302 501 4368 Cum
538 4308 647 4368 autem
684 4305 724 4368 de
759 4306 888 4370 aotione
916 4303 1048 4383 dieitur,
1074 4305 1241 4385 aliquare
1266 4301 1395 4381 effecta,
1420 4314 1551 4380 semper

274 4411 472 4495 cogitatione
498 4411 646 4495 suppleri
670 4417 780 4493 potest
803 4413 934 4493 passiva
958 4410 1059 4486 notio,
1085 4429 1124 4475 ex
1146 4429 1210 4493 qua
1233 4413 1295 4476 ὑπό
1321 4430 1345 4475 e.
1374 4428 1446 4492 gen.
1471 4422 1549 4487 pen·

272 4520 356 4596 θεοῖ,
374 4519 476 4584 veluti
497 4522 684 4600 „eoactus“,
706 4524 743 4583 ut
758 4521 821 4584 ὑπὸ
837 4525 893 4598 τῆς
916 4521 1027 4597 πενίας
1051 4515 1163 4583 ἅπαντ’
1189 4517 1228 4582 ἂν
1244 4519 1355 4595 ἤσθιεν
1374 4514 1434 4601 (ΡΙ.
1450 4509 1552 4593 1005)

272 4626 405 4707 proprie
431 4626 526 4689 vaiet:
553 4629 769 4707 „paupertate
794 4633 928 4690 conotus
953 4624 1064 4690 omnia
1088 4624 1314 4690 comedebat“.
