3326 5372
746 489 945 548 -220-

482 747 518 812 Β.
558 748 672 824 Ὑπό,
707 766 735 814 c.
771 767 862 814 acc.
898 749 1223 830 coniunctum,

258 955 282 1018 l.
309 956 340 1038 1)
364 951 484 1018 Locum
510 951 684 1036 significat,
709 953 770 1018 sao
795 972 886 1034 quem
910 952 1034 1036 aliquid
1057 958 1218 1033 moveturc
1243 973 1308 1036 qua
1332 954 1373 1023 de
1391 971 1494 1020 causa

211 1061 406 1150 plerumque
431 1081 448 1126 e
472 1060 582 1130 ¹verbis
607 1060 758 1125 movendi
783 1059 1006 1143 suspenditur,
1029 1060 1137 1126 rarius
1164 1080 1202 1126 er
1225 1062 1300 1128 aliis
1318 1060 1418 1143 idque
1436 1061 1493 1140 ita,

212 1173 249 1232 ut
272 1169 382 1251 aliqua
405 1167 557 1232 movendi
581 1168 671 1232 notio
696 1167 860 1250 cogitetur
885 1167 1028 1248 (,,ιιοιιτ.“ς
1056 1185 1084 1236 c.
1108 1169 1203 1248 acc).
1228 1167 1290 1232 Est
1313 1167 1368 1233 ubi
1391 1169 1490 1234 etiam

216 1275 290 1357 ,in“
315 1294 342 1342 c.
366 1293 436 1341 acc.
463 1275 675 1355 interpretari
699 1274 811 1354 liccat,
833 1275 888 1340 ubi
912 1275 951 1339 de
976 1279 1077 1357 motu,
1102 1275 1137 1342 in
1160 1274 1321 1340 interiora
1348 1275 1491 1340 alicuius

212 1383 262 1448 rei
286 1383 424 1460 directo,
448 1380 567 1464 agitur,
591 1387 627 1446 ut
651 1382 685 1450 in
708 1382 744 1448 P.
771 1385 845 1446 199:
869 1401 944 1447 nam
962 1381 991 1446 si
1008 1380 1085 1463 quid
1101 1382 1133 1446 in
1151 1381 1240 1446 inani
1264 1401 1300 1446 re
1324 1386 1488 1456 versatur,

214 1490 273 1556 sub
298 1487 369 1553 cius
393 1494 481 1552 tecto
506 1489 621 1553 saltem
647 1494 708 1554 est.
1119 1567 1121 1572 ,

256 1591 293 1658 N.
321 1597 382 1658 192
407 1593 641 1674 ἐρεβοδιφῶσιν
664 1595 728 1660 ὑπὸ
751 1597 808 1661 τόν
831 1595 999 1673 τάρταρον,
1032 1595 1053 1656 i.
1078 1614 1106 1659 e.
1142 1594 1202 1660 sub
1239 1595 1346 1676 ipsum
1370 1593 1488 1658 Tarta·

212 1722 285 1768 runi
308 1701 484 1767 scrutando
508 1703 682 1784 pervenire
705 1703 828 1769 volunt.
855 1705 939 1766 1300
963 1708 1081 1768 κεντῶν
1107 1704 1169 1768 ὑπὸ
1186 1705 1242 1769 τὸν
1262 1703 1411 1781 πρωκτόν
1440 1718 1494 1770 σε.

256 1809 292 1871 Ρ.
321 1810 380 1872 199
405 1805 458 1874 ὑπ’
483 1807 789 1886 αὐτὸν-τούρανοῦ
813 1810 870 1872 τὸν
894 1809 1058 1892 κύτταρον,
1095 1828 1140 1875 sc.
1166 1810 1373 1892 ἐξῳκισμένοι
1397 1808 1491 1888 εἰσίν,

212 1916 234 1986 i.
259 1934 288 1984 e.
312 1917 355 1995 εἰς
377 1918 416 1980 τὰ
442 1915 565 1996 ἔσχατα
588 1919 639 1981 καὶ
676 1915 849 1995 ἀπόκρυφα
883 1917 961 1994 μέρη
997 1917 1214 1995 ἀπεληλύθασι
1249 1919 1306 1980 τοῦ
1343 1914 1492 1992 ούρανοῦ

208 2022 337 2111 (Schol.
364 2021 417 2103 V).
442 2023 506 2085 722
531 2021 587 2101 ὑφ’
610 2019 722 2102 ἅρματ’
744 2023 847 2087 ἐλθὼν
866 2021 983 2100 Ζηνός,
1020 2040 1116 2105 quem
1153 2040 1282 2088 versum
1314 2042 1355 2088 ex
1390 2021 1490 2086 Euri·

155 2205 158 2210 ¹
212 2128 299 2211 pidis
322 2127 576 2210 Bellerophonte
594 2131 805 2211 desumptum
816 2147 889 2195 esse
904 2135 1021 2199 auctor
1034 2136 1084 2196 est
1096 2130 1285 2196 scholiasta.
1298 2130 1362 2196 Hic
1378 2135 1491 2198 tamen

213 2235 360 2317 profecto
376 2235 440 2302 ὑπό
457 2253 521 2301 non
540 2236 676 2318 proprio
694 2255 794 2303 seusu
807 2236 1034 2320 accipiendum
1048 2243 1110 2315 est,
1126 2255 1192 2302 non
1207 2236 1294 2304 enim
1312 2237 1372 2303 suh
1390 2253 1491 2302 curru

214 2362 319 2426 equus
342 2349 501 2420 versatur,
527 2344 586 2410 sed
611 2345 843 2411 eodemmodo
870 2345 993 2410 dictum
1018 2350 1078 2419 est,
1104 2361 1168 2426 quo
1193 2345 1234 2409 (le
1258 2349 1358 2420 ructu,
1379 2344 1420 2408 acl
1443 2343 1493 2408 lo·

213 2468 288 2514 cum
313 2448 486 2514 editiorem
512 2447 649 2529 directo,
674 2457 863 2533 usurpatur;
890 2435 936 2515 cf.
957 2447 1076 2515 Aesch.
1101 2450 1160 2536 Ag.
1189 2452 1263 2519 985.
1282 2449 1391 2515 Prom.
1416 2451 1494 2514 465.

256 2555 292 2621 L.
317 2559 380 2620 428
408 2558 627 2636 ὑποβαλόντες
650 2559 727 2636 τοὺς
751 2560 890 2638 μοχλοὺς
913 2559 976 2624 ὑπὸ
999 2561 1056 2637 τὰς
1080 2559 1193 2636 πύλας.

260 2662 322 2726 Th..
347 2665 408 2728 133
434 2663 496 2728 ὑπὸ
520 2666 578 2743 τὴν
602 2664 699 2743 ἕδραν
724 2664 826 2745 αὐτὴν
857 2666 976 2744 ὑπῆλθε
999 2667 1170 2745 γάργαλος.

257 2769 315 2836 Ec.
340 2774 405 2834 496
429 2770 514 2849 δεῦρ’
537 2773 599 2837 ὑπὸ
623 2774 715 2850 σκιὰς
740 2774 882 2838 ἐλθοῦσα
905 2774 986 2852 πρὸς
1009 2774 1047 2838 τὸ
1070 2773 1192 2852 τειχίον,
1226 2778 1264 2838 ut
1286 2779 1377 2838 recte
1400 2772 1491 2837 vide-

214 2883 269 2941 tur
292 2876 457 2942 Velsenus
482 2877 658 2959 scripsisse
682 2898 742 2962 pro
767 2880 817 2945 ἐπὶ
839 2885 931 2958 σκιᾶς
956 2880 998 2963 (R
1024 2882 1043 2944 Γ
1068 2880 1107 2963 Ν)
1134 2885 1167 2944 et
1190 2880 1240 2945 ἐπὶ
1264 2885 1337 2944 σκιᾶ
1362 2879 1417 2964 (Β)
1436 2899 1491 2946 co-

212 2984 332 3058 dicum,
357 3003 437 3050 usus
460 2983 662 3052 Bachmanui
688 2986 965 3052 coniecturalis&
990 2990 1096 3064 σκιαῖς
1120 2985 1165 3068 (p.
1192 2988 1255 3068 67),
1286 2987 1375 3068 quod
1399 2987 1490 3052 nullo

215 3092 314 3158 modo
337 3090 505 3156 ferendum
529 3098 623 3176 puto.

258 3200 307 3268 Pl,
334 3202 395 3262 735
420 3200 483 3264 ὑπὸ
506 3201 564 3293 τὴν
590 3198 738 3279 φοινικίδ’
765 3202 932 3268 ὑποδύντε.

259 3306 293 3390 2)
318 3305 425 3372 Semel
448 3305 508 3372 hoc
532 3307 788 3388 praepositione,
813 3327 887 3373 cum
911 3327 980 3377 acc.
1014 3310 1200 3386 coniuncta,
1235 3327 1290 3373 ras
1316 3309 1496 3402 indicatur,

212 3412 274 3478 aab
299 3432 364 3492 poa
388 3412 511 3496 aliquid
534 3419 696 3491 versatur,
721 3420 759 3478 ut
782 3433 850 3480 acc.
875 3415 977 3480 dativi
999 3416 1072 3481 loco
1087 3414 1216 3498 positus
1234 3433 1307 3481 esse
1324 3415 1495 3495 videatur3

214 3521 269 3606 qui
294 3539 384 3598 usus,
409 3521 558 3601 poeticae
583 3521 739 3587 dictionis
762 3523 941 3604 praecipue
965 3524 1130 3604 proprius,
1154 3521 1208 3587 hic
1231 3520 1397 3589 locutione
1422 3543 1495 3590 ser·

215 3645 311 3694 mone
334 3628 414 3692 trita
436 3633 621 3693 excusatur.
802 3711 805 3718 Ι

257 3735 318 3800 Th.
343 3737 406 3800 500
429 3736 449 3813 ἡ
473 3738 553 3815 γυνὴ
578 3741 728 3803 δεικνῦσα
762 3737 872 3816 τάνδρὶ
906 3735 1101 3814 τοῦγκυκλον
1136 3736 1209 3803 οἷόν
1243 3736 1270 3814 γ’
1305 3733 1357 3802 ὑπ’
1389 3735 1494 3816 αὐγάς

212 3847 301 3910 ἐστιν
327 3861 444 3926 ,quarn
467 3843 641 3924 pulchrum
667 3845 711 3910 sit
734 3845 775 3910 ad
797 3843 924 3910 luceru“
964 3843 1019 3928 (ad
1055 3845 1188 3910 verbum
1226 3845 1306 3924 ,sub
1342 3842 1494 3926 radiis“),

212 3955 250 4015 ut
272 3947 500 4017 Bachrnannus
525 3949 569 4034 (p.
595 3951 651 4031 25)
677 3951 860 4015 emendavit
885 3951 1036 4016 codicum
1052 3950 1237 4031 lectionem,
1254 3954 1361 4014 metro
1378 3949 1494 4014 aduer-

213 4060 351 4138 santem,
375 4055 426 4121 ὑπ’
451 4055 553 4134 αὐγὰς
577 4054 650 4122 οἷόν
673 4060 751 4125 ἐστι.
776 4058 882 4138 Quam
907 4058 1132 4124 coniecturam
1150 4058 1313 4141 improbat
1329 4054 1493 4122 Wecklei-

213 4161 288 4227 nius
313 4161 409 4244 (Phil.
435 4163 512 4228 λιιι.
537 4182 566 4228 ν.
592 4161 633 4245 Χ,
657 4182 686 4246 p.
716 4165 803 4249 166),
829 4164 916 4245 quod
939 4164 973 4228 in
1005 4164 1097 4240 locis,
1135 4182 1155 4227 a
1190 4163 1399 4231 Bachnranuo
1425 4162 1495 4226 col·

214 4269 302 4350 latis,
326 4287 392 4334 non
415 4272 450 4346 γέ
474 4270 589 4344 solum,
621 4269 678 4334 secl
713 4273 748 4347 γέ
782 4292 832 4334 τοι
867 4271 1004 4353 legatum
1041 4271 1111 4351 ipse
1148 4269 1303 4351 proponit
1338 4269 1415 4333 ἰδεῖν
1440 4266 1494 4336 ὑπ’

215 4375 319 4455 αὐγὰς
347 4376 431 4442 οἷον.

258 4481 299 4546 ΙΙ.
327 4483 512 4564 Temporoli
536 4503 636 4550 sensu
661 4483 733 4566 ὑπό,
758 4490 796 4549 ut
821 4483 920 4566 „sub“
946 4484 1148 4558 Latinorum,
1174 4480 1211 4545 de
1236 4501 1274 4546 ea
1297 4502 1333 4546 re
1356 4480 1489 4560 dicitur,

213 4607 297 4670 quae
322 4590 418 4656 aliam
441 4590 540 4674 paulo
565 4589 735 4672 praecedit
759 4589 893 4673 (,nonn,
918 4589 1070 4670 onouo“).
1095 4588 1213 4671 (Miror
1234 4587 1494 4670 Bachmannnm,

213 4714 245 4777 p.
270 4701 310 4763 26
334 4695 420 4763 hunc
443 4716 540 4764 usum
560 4699 600 4763 ab
618 4697 835 4778 Aristophane
862 4698 993 4762 omnino
1019 4693 1282 4777 ahindioantem).
