3298 5368
641 479 840 546 -168-

159 647 197 712 L.
224 652 242 712 2
267 649 364 728 εἴτις
388 649 433 728 είς
446 649 601 728 Βακχεῖον
622 648 899 728 αάιάςέιιάλεσεν,
923 647 943 726 ἢ
967 652 996 726 ’ς
1010 647 1123 726 Πανός
1146 647 1167 726 ἢ
1191 645 1233 712 ’πί
1256 641 1392 713 Κωλιάδ’

112 753 133 833 ἢ
160 751 190 834 ’ς
216 755 446 834 Γενετυλλίδος,
467 755 525 821 nti
550 757 672 834 Κωλιάς
694 757 759 822 leci
782 769 902 822 numen
925 754 980 838 (οί.
1006 753 1043 819 R.
1062 757 1124 821 187
1142 755 1193 820 ἐπί
1207 754 1391 834 Ταίναρον),

111 875 182 927 nun
205 861 288 929 (iere
311 879 385 928 erse
409 868 445 928 et
467 879 506 927 ex
529 861 571 929 iie
595 869 695 944 ραίεί,
720 879 804 946 nune
828 861 1025 945 Bltydesius
1049 861 1090 926 ad
1113 862 1145 926 h.
1161 861 1238 926 uin
1257 877 1331 926 unu.
1345 877 1394 935 αι.

112 967 229 1032 attulit
252 969 304 1050 (ut
337 970 388 1034 tri
424 969 558 1036 Κωλιάδι
582 968 701 1052 [Dum]
726 973 779 1044 69,
806 968 873 1051 93),
900 973 933 1032 et
954 967 1041 1042 inde,
1067 965 1152 1048 ηυοιί
1176 965 1232 1032 λι.
1257 964 1391 1030 deornm

112 1074 302 1140 numinibus
326 1093 492 1158 nunquam
515 1077 566 1142 ἐπί
589 1074 749 1159 adiungit,
764 1076 822 1142 sed
845 1075 928 1154 πρός
950 1082 1010 1142 eut
1032 1073 1078 1153 άις
1095 1074 1146 1140 καί
1167 1073 1222 1152 είς.
1232 1072 1274 1139 V.
1287 1071 1391 1142 Barn-

112 1197 224 1246 ιαιιιια.
248 1200 279 1264 p.
297 1185 481 1247 116.·-666
504 1183 554 1247 ἐπὶ
576 1183 769 1261 Λειψύδριον
792 1183 939 1261 ἤλθομεν.
968 1183 1033 1245 797
1057 1182 1107 1245 ἐπὶ
1130 1180 1189 1258 τὴν
1213 1179 1396 1258 άμοργινι-ν

113 1287 284 1367 ἐξέρχεται.

160 1391 219 1458 uh.
243 1397 306 1458 919
330 1395 389 1472 τὴν
413 1395 491 1472 ἐμὴν
514 1397 745 1472 γυναῖκα-ἐπὶ
768 1396 916 1472 Σπάρτην
940 1393 1037 1470 ἄγειν,
1050 1390 1108 1456 ubi
1124 1390 1301 1473 Euripides
1318 1409 1392 1473 per·

114 1504 253 1564 senatus
278 1499 557 1583 praepositionem
581 1502 632 1568 ἐπί
654 1519 714 1584 pro
738 1501 783 1580 είς
806 1499 898 1566 dicit
924 1497 997 1576 Quo
1021 1513 1140 1578 genere
1159 1495 1292 1562 dicendi
1310 1495 1392 1564 Eur.

113 1605 149 1670 in
173 1603 293 1672 tubulis
326 1606 396 1672 suis
428 1608 515 1673 haud
551 1626 627 1674 rnro
662 1627 743 1674 usur
772 1606 1009 1684 emendetur,
1033 1605 1084 1670 ἐπί
1107 1621 1181 1668 enm
1204 1604 1314 1670 verbis
1338 1607 1391 1684 γη,

114 1708 172 1774 nie
196 1709 426 1794 similibusque
450 1713 618 1795 copulem,
655 1721 693 1779 ut
716 1712 814 1795 Hipp.
842 1715 937 1777 1126.
965 1708 1015 1776 Itl.
1042 1713 1095 1774 97.
1121 1712 1218 1774 1184.
1242 1709 1283 1773 V.
1308 1709 1392 1775 inire

116 1829 202 1899 quae
226 1817 265 1882 de
288 1815 327 1882 Β.
353 1821 414 1884 961
441 1820 600 1887 dicemus.

161 1921 199 1988 R.
226 1927 288 1990 139
313 1927 364 1992 ἐπὶ
387 1928 633 2006 λίμνην-ἥξεις.
662 1929 723 1992 187
747 1928 793 2005 τίς
817 1927 862 2005 είς
885 1929 922 1990 τὸ
945 1925 1054 2004 Λήθης
1070 1925 1189 2000 πεδίον,
1214 1927 1234 2004 ἢ
1259 1921 1288 2004 ’ς
1311 1923 1391 1990 ἀνου

116 2031 263 2109 πόκας...
286 2033 306 2110 ἢ
332 2028 376 2098 ’πὶ
397 2033 566 2112 Ταίναρον;
588 2037 647 2100 197
666 2035 762 2100 κάθιζ’
778 2035 829 2098 ἐπὶ
844 2035 963 2112 κώπην.
978 2032 1070 2096 Haec
1086 2030 1261 2097 currentis
1276 2030 1392 2110 verbu,

116 2135 237 2218 quibus
260 2138 318 2204 ille
341 2140 504 2206 Beeuhurn
529 2141 622 2206 iubet
645 2143 686 2207 ed
710 2158 836 2206 remum
854 2139 1037 2219 considere,
1051 2137 1236 2223 significare
1252 2145 1392 2220 possunt

117 2245 216 2309 etiem
255 2247 410 2325 „conside
445 2248 478 2314 in
512 2266 613 2326 remo,
651 2265 754 2330 super
787 2251 933 2312 ιοιιιιιιιιίΙ
959 2245 1016 2330 (V.
1040 2246 1166 2329 supra).
1189 2245 1261 2311 Ηαα
1291 2245 1391 2327 igitur

117 2351 294 2418 lucutionis
328 2355 541 2436 ambiguitate
572 2356 691 2421 callide
726 2355 875 2423 Bacchus
898 2354 1014 2431 utitur,
1039 2353 1096 2435 qui
1119 2373 1138 2416 a
1162 2349 1326 2418 Charonte
1350 2352 1392 2418 ιιί

118 2471 246 2524 remum
270 2461 442 2528 considere
466 2462 646 2545 remigandi
671 2480 771 2528 censa
795 2463 904 2528 iussus
928 2462 961 2526 in
985 2462 1059 2542 ipse
1078 2459 1189 2541 petius
1205 2477 1296 2524 remo
1313 2478 1390 2525 eon·

119 2565 252 2632 sederit.
278 2566 525 2652 (Fritzscheus).
550 2568 727 2647 Quaerenti
752 2569 812 2642 illi,
837 2567 915 2650 quid
937 2565 1046 2632 iaciat:
1070 2567 1089 2632 ό
1112 2588 1140 2631 τι
1162 2571 1255 2644 ποιῶ;
1271 2567 1389 2650 ἱαηαίί,

117 2669 195 2738 τίδ’
221 2673 300 2740 ἄλλο
323 2671 353 2750 γ’
377 2677 396 2752 ἢ
419 2676 477 2742 ἵζω
503 2674 545 2741 ’πὶ
566 2679 687 2756 κώπην,
713 2677 812 2756 οδπερ
836 2677 981 2753 ἐκέλευές
1006 2695 1043 2755 με
1060 2675 1114 2752 σό;
1132 2673 1176 2757 (κ.
1192 2675 1279 2758 199),
1294 2693 1390 2758 prue-

116 2779 277 2860 positioni
313 2782 363 2846 ἐπί
396 2781 669 2864 significationem
697 2785 841 2865 ,αιιριιιι
864 2782 1171 2848 subiturum—351
1194 2780 1281 2865 (lyr.)
1304 2778 1389 2859 ἔξαγ’

118 2882 166 2951 ἐπ’
190 2887 334 2966 ἀνθηρόν
357 2888 460 2953 ἕλειον
482 2890 632 2965 δάπεδον,
659 2890 714 2954 ubi
738 2891 797 2964 ἐπί,
821 2887 860 2954 ut
882 2891 914 2954 in
938 2888 997 2953 Th.
1019 2890 1094 2962 919,
1109 2905 1168 2970 pro
1195 2889 1239 2967 εἰς
1262 2889 1391 2970 poetice

117 2993 243 3058 dietum
279 3001 370 3075 put03
395 2994 434 3060 cf.
459 2995 538 3060 Eur.
574 2995 625 3060 El.
652 3000 736 3061 1134
761 2991 820 3072 εἶμ’
845 2992 894 3060 ἐπ’
919 2996 1028 3074 ἀγρόν,
1054 2994 1093 3060 οὗ
1114 2997 1212 3075 πόσις
1236 2999 1390 3074 θυηπολεῖ

119 3099 311 3179 Νύμφαισιν,
336 3100 392 3166 ubi
414 3101 468 3166 vix
490 3101 633 3168 dubitari
658 3107 778 3183 potest,
802 3101 881 3182 quin
918 3100 1182 3184 Clytaemnestra
1209 3102 1245 3165 ι’νι
1266 3119 1390 3183 agrum,

117 3223 181 3274 uun
215 3205 261 3272 ad
295 3226 408 3290 ugrum
440 3211 489 3274 ire
525 3210 558 3275 in
590 3210 699 3274 unimo
736 3207 978 3275 habent-436
1002 3205 1051 3274 ἐπ’
1076 3207 1176 3286 αὐτὴν
1211 3211 1269 3287 τὴν
1292 3209 1393 3287 θύραν

119 3313 303 3393 ἀφιγμένος.
332 3319 418 3382 1865
442 3316 493 3382 ἐπὶ
515 3318 573 3382 τόν
595 3315 885 3394 σταθμόν-αὺτὸν
908 3317 1051 3393 ἀγαγεῖν.

161 3421 220 3486 Ερ.
246 3423 311 3487 684
334 3422 385 3488 ἐπὶ
407 3424 465 3502 τὴν
499 3425 612 3490 στοιὰν
651 3423 1129 3502 ἀκολουθεῖν-δειπνήσοντας.
1161 3425 1242 3488 1901
1267 3423 1333 3491 άξω
1358 3420 1392 3490 u'

120 3529 168 3596 ἐπὶ
192 3530 276 3608 τάμὰ
299 3532 479 3610 στρώματα.

161 3637 211 3702 Pl.
237 3641 300 3702 666
336 3640 435 3704 αἰιτόν
469 3640 520 3704 ἐπὶ
554 3639 712 3704 θάλατταν
746 3640 875 3720 ἤγομεν.
912 3642 974 3702 676
999 3637 1052 3719 ἐφ’
1075 3641 1116 3718 ἣν
1139 3638 1199 3722 (=
1216 3641 1391 3724 χύτραν)-
1507 3627 1515 3648 ’

118 3744 310 3824 ἐφερπύσαι.
336 3747 399 3816 683
423 3745 474 3809 ἐπὶ
492 3747 549 3822 τὴν
572 3746 913 3825 χύτραν-ἀνίσταμαι.
928 3748 991 3810 686
1007 3748 1057 3810 ἐπὶ
1071 3747 1130 3826 την
1144 3748 1262 3827 χύτραν
1279 3749 1391 3814 ἐλθών.

120 3853 183 3918 utu
207 3853 258 3918 ἐπὶ
280 3854 338 3930 τὴν
373 3852 474 3917 οἰκίαν
506 3852 675 3932 ἀφίγμεθα.
709 3855 774 3918 962
799 3849 848 3917 ἐπ’
873 3853 973 3931 αὐτὸς
1006 3855 1064 3931 τὰς
1098 3854 1201 3934 θύρας
1224 3855 1389 3934 ἀφιγμένη.

122 3959 202 4022 1607
229 3960 281 4022 ἐπί
303 3959 362 4038 τὴν
384 3959 487 4036 θύραν
508 3959 662 4038 ἐβάδιζεν.

161 4064 216 4130 Fr.
243 4067 305 4131 162
330 4064 379 4130 ἐπ’
404 4065 506 4144 αὐτὴν
528 4067 587 4144 τήν
610 4066 711 4144 θύραν
747 4067 933 4146 ἀφιγμένος.
957 4071 1033 4143 468,
1059 4070 1078 4130 2
1103 4068 1153 4133 ἐπί
1175 4069 1391 4145 πῦρ-πῦρ-

119 4173 216 4250 άγων.
242 4176 305 4237 619
329 4175 427 4252 χωρεῖ
450 4167 494 4237 ’πὶ
528 4175 677 4252 γραμμὴν.
708 4175 826 4252 λορδδς
856 4174 902 4252 άις
926 4174 971 4252 είς
993 4175 1140 4253 ἐμβολήν,
1165 4173 1221 4238 ubi
1245 4174 1323 4256 quid
1347 4175 1393 4242 rit

119 4279 244 4359 γραμμή
269 4280 397 4346 nescire
422 4297 457 4345 se
483 4280 531 4346 eit
554 4279 712 4362 Karkine,
738 4297 843 4362 neque
873 4295 934 4363 ego
957 4282 1072 4363 inagis.

163 4385 236 4452 Huc
261 4388 406 4468 pertinet
429 4388 528 4451 etiam
552 4385 678 4452 locutio
701 4387 857 4453 militaris

161 4496 220 4558 Αν.
246 4495 309 4560 889
332 4494 424 4571 ἄναγ’
447 4496 497 4558 ἐπὶ
519 4495 644 4573 ιηιέλος,
663 4495 717 4560 uti
744 4493 856 4562 sotor:
882 4497 950 4562 ἀνιί
973 4498 1030 4560 τοῦ
1055 4495 1258 4576 ὑπανωχώρει
1281 4495 1392 4574 ὀλίγον

119 4601 181 4666 utu
204 4601 299 4681 πόδα,
322 4604 410 4679 παρὰ
433 4604 470 4666 τό
493 4600 547 4682 (11.
574 4607 626 4681 11,
652 4603 729 4686 647)
756 4605 854 4686 ,γόνυ
876 4605 996 4681 γουνὸς
1018 4603 1190 4682 emittet&
1225 4601 1394 4686 significet
