3328 5370
654 480 831 542 ...49-

93 645 201 712 instar
226 646 493 730 praepositionis,
507 646 626 732 qnippe
650 646 734 730 quod
757 646 798 711 de
821 646 1044 714 animantibus
1070 651 1198 715 tantum
1218 646 1373 727 dicatur),

93 753 238 822 retinuit
261 762 372 823 tamen
396 757 542 840 (praeter
580 751 753 842 Ribbeck.)
778 755 878 822 Mein.
902 757 936 823 in
967 757 1028 834 ed,
1054 775 1128 824 cum
1153 755 1250 825 Vind.
1274 775 1307 839 p.
1332 760 1370 822 61
1435 771 1437 778 ’

92 861 204 930 locum
232 864 278 928 ita
304 865 429 947 afferat,
454 869 492 929 ut
516 865 722 948 scripserunt
744 863 887 936 Brunek.
904 865 1015 954 Belli.
1043 865 1136 933 Both.
1158 863 1249 948 ng.:
1266 861 1374 942 πρόιθ’

93 970 128 1048 ἐς
153 973 191 1036 τὸ
204 991 268 1048 πρ,
295 971 346 1036 cui
365 975 474 1037 tamen
496 971 712 1054 praetulerim
736 971 896 1038 leniorem
913 973 1130 1039 mutationem
1149 967 1258 1038 Wolfii
1278 969 1374 1038 Dind.

95 1083 128 1140 el
156 1077 269 1160 Blapd.
286 1079 467 1162 probatam:
492 1082 612 1158 προίτω
637 1081 662 1158 ’ς
685 1083 722 1144 τὸ
746 1100 798 1158 πρ.
825 1079 878 1164 (de
903 1077 1374 1164 aphaeresiv.xrug.11‚14‚

99 1187 131 1262 θ,
155 1205 186 1250 n.
210 1187 243 1267 5)
268 1185 366 1251 etiam
403 1188 648 1269 aequabilitatis
685 1206 795 1254 causa:
832 1187 983 1270 seqnitur
1019 1188 1106 1254 enim
1142 1187 1253 1252 statim
1278 1183 1372 1270 (246)

103 1296 121 1356 3
144 1311 229 1375 pers.
255 1293 334 1376 imp.
359 1292 378 1357 ὁ
400 1293 541 1373 Ξανθίας
575 1297 632 1360 τὸν
667 1296 793 1374 φαλλὸν
822 1293 923 1372 ὀρθὸν
947 1297 1123 1373 στησάτω“
1146 1289 1293 1377 (Bachm.
1318 1313 1373 1378 pp.

100 1401 256 1484 49-60).
282 1400 353 1484 Ego
377 1420 453 1466 vero
477 1402 591 1484 priora
613 1401 670 1466 illa
686 1399 783 1468 unice
802 1402 956 1484 approbo,
976 1403 1164 1486 posteriora
1180 1420 1245 1468 non
1261 1401 1374 1468 credo:

97 1525 169 1571 nam
207 1507 346 1573 eandem
382 1509 598 1575 mutationem
635 1513 654 1572 2
688 1515 722 1573 et
759 1513 778 1573 3
812 1526 900 1592 pers.
924 1509 1112 1592 imperativi
1137 1509 1236 1577 etiam
1261 1510 1294 1575 in
1317 1507 1375 1574 Ec.

96 1615 160 1680 742
188 1633 237 1698 sq.
263 1616 371 1681 video:
396 1616 414 1680 ὁ
438 1619 495 1695 τήν
519 1617 649 1695 σκάφην
685 1621 793 1696 λαβὼν
823 1620 954 1695 προίτω·
982 1620 1020 1684 τά
1044 1617 1137 1696 κηρία
1161 1617 1274 1696 κόμιζε,
1300 1617 1376 1694 τοὺς

94 1723 238 1800 θαλλοὺς
263 1724 395 1801 καθίστη
420 1724 558 1800 πλησίον
582 1727 645 1791 ete.

137 1827 178 1897 E.
205 1831 269 1894 751
298 1829 364 1894 ἀλλ’
399 1830 442 1907 εἰς
476 1831 513 1893 τὸ
548 1829 682 1906 πρόσθε.
720 1834 800 1909 χρῆν
827 1827 951 1907 παρεῖν’
977 1829 1020 1908 εἰς
1043 1831 1102 1908 τὴν
1119 1829 1243 1894 Πάκνα.
1268 1829 1370 1895 Recte

96 1933 197 2002 blein.
222 1933 320 1998 Vind.
345 1954 375 2016 p.
404 1938 456 2000 61:
497 1931 567 2016 „lta
600 1933 681 1998 baec
717 1933 862 2012 distinxi,
887 1933 1006 2018 inquit,
1028 1931 1126 2016 vulgo
1155 1936 1307 2000 omnibus
1331 1935 1373 1999 ad

98 2061 194 2106 unam
233 2041 434 2107 sententiam
470 2042 666 2123 coniunctis,
690 2059 729 2107 ec
764 2047 856 2106 recte
892 2037 1045 2120 fortasse,
1070 2041 1130 2106 sed
1156 2037 1217 2107 bac
1241 2042 1313 2128 lege
1339 2046 1376 2110 ut

97 2149 139 2226 ὡς
156 2150 195 2212 τὸ
215 2149 340 2225 πρόσθε
360 2148 727 2235 [„utantea“‚1Bachm.
743 2169 775 2230 p.
794 2147 849 2231 50]
868 2147 1043 2226 scribatur,
1055 2151 1092 2214 ut
1108 2145 1187 2213 iecit
1203 2147 1375 2234 Bergkius

97 2253 270 2320 Falluntnr
295 2255 381 2319 enim
404 2254 491 2319 haud
516 2255 613 2320 dubie
638 2255 693 2337 qni
718 2256 751 2333 ἐς
767 2258 803 2319 τὸ
819 2255 945 2333 πρόσθε
961 2253 1049 2318 idem
1072 2253 1261 2343 significare
1277 2274 1375 2337 posse

97 2361 297 2428 existimant.
321 2361 550 2441 Quaerendum
574 2368 684 2427 tamen
708 2382 748 2427 an
773 2381 916 2444 unquam
941 2361 1027 2446 apud
1044 2362 1099 2428 Ar.
1118 2364 1163 2442 ὡς
1180 2365 1217 2428 τό
1234 2365 1377 2442 πρόσθεν

99 2467 223 2534 dictum
241 2470 428 2553 reperiatur
451 2489 511 2552 pro
528 2472 573 2548 ὡς
588 2473 625 2534 τό
640 2470 799 2550 πρότερον
815 2470 962 2554 [‚,dicere
984 2467 1123 2533 debebat
1138 2471 1248 2552 potius
1265 2471 1376 2547 ὥσπερ

99 2577 259 2656 πρότερον
295 2595 333 2640 ex
369 2596 431 2641 usu
469 2578 542 2640 Ar.“
580 2577 714 2642 Bacbm·
739 2597 770 2660 p.
797 2578 862 2661 60],
889 2595 1026 2660 eamque
1051 2576 1091 2640 ob
1120 2595 1252 2642 causam
1277 2576 1377 2642 verba

99 2682 162 2747 ista
186 2681 236 2748 sic
261 2681 396 2749 distinxi
419 2688 455 2747 ut
480 2702 595 2749 sensus
614 2683 668 2765 sit,
683 2681 742 2748 aed
757 2664 817 2766 ape
830 2669 1055 2766 procedamus,
1070 2679 1258 2750 voratrtel“
1277 2677 1377 2748 Scho-

101 2789 219 2855 liastae
245 2790 487 2872 interpretatio:
514 2791 557 2867 εἰς
580 2794 638 2870 τήν
662 2791 775 2871 αὔριον
805 2794 865 2872 χρὴ
889 2795 1035 2870 παρεῖναι
1059 2789 1201 2870 ἅπαντας
1226 2792 1277 2860 καὶ
1300 2806 1376 2858 συν-

100 2901 213 2975 ελθεῖν,
237 2895 319 2961 falsa
344 2902 378 2961 et
401 2896 512 2978 inepta
536 2903 597 2960 est:
625 2915 700 2961 nam
724 2899 868 2975 πρόσθεν
884 2896 1074 2982 neutiquam
1094 2897 1273 2980 insequens
1293 2901 1377 2961 tem·

99 3025 159 3088 pus
184 3004 372 3088 significare
395 3007 516 3086 potest.
541 3001 669 3086 Itaque,
694 3023 768 3069 cnm
804 3004 861 3069 Ar.
883 3006 1013 3071 omnino
1046 3022 1208 3087 nusquam
1233 3006 1379 3083 πρόσθεν

98 3109 273 3198 temporali
310 3131 409 3177 sensu
445 3112 581 3193 „antea“
609 3109 697 3176 dicat
732 3111 878 3196 (Bachm.
903 3133 934 3196 p.
961 3112 1016 3198 50)
1041 3118 1141 3196 atque
1173 3112 1209 3177 in
1247 3129 1378 3196 compa·

98 3218 226 3284 ratione
252 3217 451 3284 dictionibus
476 3217 586 3295 ὥσπερ
610 3219 769 3295 πρότερον
804 3223 839 3282 et
861 3218 971 3298 ὥσπερ
1007 3221 1058 3282 καὶ
1080 3220 1145 3295 πρὸ
1168 3220 1226 3282 τοῦ
1252 3217 1300 3283 uti
1326 3233 1378 3284 so-

99 3326 167 3390 leat
192 3324 341 3411 (Baclrm.
365 3346 396 3411 p.
420 3323 489 3406 46),
512 3323 676 3392 bdeinelxei
701 3323 964 3407 explanationem
990 3325 1150 3410 approbo.

143 3431 181 3502 L.
208 3436 269 3498 185
294 3436 349 3512 θὲς
373 3433 416 3512 εἰς
436 3435 474 3496 τό
497 3434 641 3510 πρόσθεν
664 3434 777 3497 ὑπτίαν
798 3433 857 3514 τὴν
881 3433 1012 3498 ἀσπίδα.

142 3539 205 3604 Th.
231 3542 294 3604 645
320 3540 364 3617 είς
387 3542 424 3604 τό
447 3563 481 3604 π.
506 3539 634 3620 οἴχεται.
691 3607 694 3612 ,

145 3648 204 3717 Ec.
234 3649 295 3712 129
319 3646 422 3725 πάριτ’
444 3647 488 3725 εἰς
511 3650 548 3712 τὸ
571 3672 603 3714 π.

142 3757 202 3820 roi:
227 3754 268 3823 V,
294 3755 379 3820 1440
411 3753 581 3835 παράτρεχ’
606 3754 649 3832 εἰς
673 3757 712 3819 τὰ
734 3756 893 3820 Πιττάλου
922 3755 1073 3838 „domum
1098 3753 1247 3836 Pittali“,
1284 3750 1378 3817 cuius

99 3861 278 3929 locutionis
314 3859 464 3942 exempla
500 3862 666 3943 congessit
706 3862 854 3945 Blaydes.
880 3862 919 3927 ad
945 3865 1027 3930 Aah.
1054 3863 1149 3926 1222.
1176 3857 1222 3929 Cf.
1262 3857 1319 3924 Kr.
1355 3855 1380 3934 1,

100 3975 154 4051 43,
179 3973 210 4052 3,
237 3973 266 4032 7.

144 4073 217 4142 Huc
242 4073 324 4141 addo

145 4186 184 4252 R.
208 4190 269 4252 641
296 4182 503 4267 χωρεῖς-»εἰς
525 4186 563 4247 τό
588 4184 717 4260 δίκαιον,
743 4184 831 4268 quod
868 4183 933 4249 elsi
957 4183 1075 4249 tralato
1095 4180 1219 4247 dictum
1245 4183 1306 4262 est,
1330 4185 1379 4242 ta-

103 4314 175 4360 men
197 4293 253 4359 hic
276 4291 501 4359 collocandum
526 4290 649 4371 putavi,
675 4287 752 4373 quia
775 4291 812 4354 τὸ
837 4291 893 4354 bix.
922 4310 981 4372 pro
1006 4291 1078 4355 loco
1102 4288 1253 4356 babetur.

148 4403 181 4484 2)
206 4400 271 4466 Sed
293 4420 360 4466 non
386 4417 514 4479 semper
539 4398 582 4475 εἰς
607 4397 836 4488 cunrnomine
856 4415 916 4464 suo
933 4417 1007 4464 eum
1026 4397 1135 4462 locum
1152 4411 1262 4460 nenive
1280 4390 1379 4474 signi-

106 4509 189 4594 ficat,
215 4509 247 4573 in
273 4507 367 4571 cuius
390 4505 550 4570 interiora
574 4503 699 4586 aliquid
723 4505 886 4588 dirigitnr3
913 4505 1077 4570 interdum
1104 4503 1202 4566 etiam
1228 4496 1307 4565 illud
1331 4499 1379 4565 in-

107 4615 201 4694 dicat,
227 4614 271 4680 ad
296 4613 382 4696 quod
407 4611 474 4678 sire
501 4632 565 4697 quo
595 4630 710 4676 vereris
730 4611 857 4696 aliquid
880 4612 986 4678 tendit
1005 4613 1095 4697 (μα,
1120 4607 1208 4694 na“)‚
1233 4612 1269 4671 ut
1292 4605 1379 4670 idem

1253 4719 1271 4771 4
