3328 5370
695 491 869 553 ...75-

178 663 334 726 Attamen
373 661 468 724 etiarn
493 659 545 726 his
569 659 652 725 iocis
677 657 815 724 eundern
840 677 936 723 usnrn
967 657 1224 741 deprehendisse
1260 656 1340 722 mihi
1364 656 1413 721 ri-

129 767 223 847 dear,
249 767 281 832 in
307 787 390 849 quos
411 773 563 833 neutrum
588 783 711 842 eorum,
737 784 820 846 quac
847 763 923 842 dixi,
951 765 1068 831 cadere
1092 773 1212 847 potest.

177 875 215 938 N.
243 879 282 938 37
309 877 415 939 δάκνει
439 875 476 954 με’
498 895 544 951 τις
568 873 731 952 δήμαρχος
754 873 789 936 ἐκ
812 877 878 935 τῶν
910 873 1109 950 στρωμάτων
1137 889 1198 952 „cs
1234 873 1412 935 uocre.ru“.

177 979 216 1044 V.
243 985 307 1044 552
334 980 459 1059 eprovr'
482 982 513 1046 ἐξ
537 979 643 1058 εὐνῆς,
669 978 756 1060 quud
778 995 845 1042 non
869 983 920 1041 est
946 997 1027 1059 „usa
1052 979 1230 1052 nocneru“‚
1264 977 1322 1042 sed
1349 995 1412 1056 „ca

29 1109 30 1112 ¹
134 1093 314 1153 riocreru“:
339 1106 404 1153 non
429 1087 515 1152 enim
541 1087 580 1152 da
605 1085 720 1151 cimice
745 1091 802 1150 aut
825 1085 946 1167 pulice,
973 1085 1032 1150 sed
1054 1085 1094 1149 de
1130 1083 1260 1150 homine
1287 1084 1406 1165 agitur.

136 1195 181 1263 Gi.
202 1196 293 1278 apud
317 1195 562 1260 Gribcedovunr
587 1201 749 1258 nostrum:
774 1212 815 1273 „a
840 1211 896 1264 ru,
934 1195 1120 1274 cypapu'ua,
1157 1209 1236 1274 pyra
1274 1211 1330 1254 aaa
1354 1209 1413 1254 nc·

139 1324 233 1370 creua
260 1301 520 1383 upura“.1dcm
546 1302 653 1366 estin

178 1412 241 1476 Av.
271 1411 355 1474 1286
381 1411 412 1476 ἐξ
438 1410 745 1487 εὐνῆς-ἐπέτοντο,

174 1515 212 1586 1..
240 1519 304 1581 722
328 1515 439 1594 τὴνδ’
467 1516 501 1578 ἐκ
523 1515 681 1593 τροχιλίας
706 1512 745 1577 αὖ
771 1513 1082 1590 κατειλυσπωμένην,
1106 1511 1162 1576 ubi
1185 1511 1413 1576 Bachmannus

129 1643 160 1705 p.
187 1628 229 1687 53
254 1629 289 1687 et
318 1625 378 1685 154
402 1621 516 1704 (atque
542 1621 641 1685 etiarn
666 1620 731 1684 iam
757 1625 832 1684 ante
858 1636 931 1682 curn
956 1617 1134 1684 Elmsleins
1163 1625 1197 1682 et
1224 1617 1414 1701 Bergirius),

29 1735 30 1744 ’
131 1729 170 1795 οὔ
196 1731 320 1804 deleto,
345 1747 442 1810 quarn
468 1727 664 1808 particulam
690 1727 743 1790 bic
767 1725 846 1790 ferri
871 1743 968 1806 posse
998 1729 1107 1806 negat,
1143 1725 1250 1806 prirno
1285 1727 1343 1802 τὴν
1377 1727 1412 1789 δέ

131 1839 159 1914 γ’
184 1840 251 1904 ἀπὸ
275 1858 323 1915 τρ.
348 1859 375 1900 κ.
400 1837 498 1901 scribi
524 1835 633 1909 iussit,
658 1841 784 1916 postea,
820 1837 880 1898 hac
906 1835 1098 1900 coniectura
1123 1835 1286 1907 damnata,
1311 1832 1411 1897 aliam

132 1944 272 2027 protulit
294 1946 352 2019 τὴν
376 1940 404 2006 b'
436 1945 470 2008 ἐκ
492 1961 539 2019 το.
567 1943 632 2021 ἅμα
657 1965 684 2006 κ.
710 1942 870 2022 „aiteram
894 1941 994 2004 sirnai
1018 1941 1056 2004 de
1082 1939 1231 2006 trachiea
1255 1958 1328 2004 sese
1355 1939 1412 2002 de-

131 2053 351 2128 volventem“‚
377 2049 464 2132 quod
488 2067 587 2113 seusu
613 2067 725 2114 carere
743 2047 884 2113 ridetur.
902 2045 988 2124 Quid
1005 2047 1091 2113 eninr
1106 2047 1160 2113 hic
1175 2047 1238 2112 sibi
1251 2044 1411 2123 vcitana?

29 2185 31 2199 >
133 2160 304 2243 Nunquam
328 2155 504 2240 participia
522 2157 755 2236 praedicativo,
774 2157 860 2237 quod
876 2163 1005 2228 vocant,
1024 2155 1154 2219 additur
1171 2155 1260 2234 (nam
1277 2152 1410 2216 Bachrn.

135 2267 203 2348 ipsc
229 2270 321 2330 recte
347 2265 647 2342 κατειλυσπωμένην
671 2281 743 2326 curn
769 2265 956 2344 κατέλαβον,
974 2263 1060 2346 quod
1076 2269 1128 2326 est
1144 2251 1177 2326 in
1194 2279 1293 2325 versu
1317 2275 1412 2340 prae-

131 2371 272 2449 cedenti,
299 2360 489 2452 coniungit).
513 2369 659 2443 Accedit,
684 2369 772 2450 quod
795 2367 871 2433 aliis
895 2367 994 2433 huius
1017 2369 1082 2432 ioci
1105 2365 1296 2448 participiis
1320 2363 1411 2429 nuila

131 2475 299 2559 particula
323 2475 476 2558 apposita
501 2479 562 2552 est,
587 2481 623 2538 nt
647 2475 765 2538 mirurn
790 2474 844 2549 sit,
871 2475 898 2539 si
922 2475 1003 2539 huic·
1026 2474 1083 2538 uni
1101 2472 1258 2537 adiuncta
1275 2472 1328 2536 sit.
1347 2469 1411 2536 Sed

131 2583 158 2648 si
184 2582 268 2666 quid
290 2582 482 2646 rnutandunr
508 2589 568 2653 est,
593 2580 704 2646 malim
731 2585 803 2645 cunr
828 2581 970 2662 Bergida
996 2581 1035 2645 αὖ
1070 2579 1179 2644 deleto
1212 2583 1270 2642 aut
1303 2583 1412 2656 τροχῖ-

131 2692 201 2769 λίας
226 2692 391 2772 producta
430 2687 736 2770 antepaenuitima·
755 2697 812 2753 aut
844 2690 1013 2768 τροχηλίας
1048 2688 1168 2767 legere.
1206 2683 1288 2748 Nam
1326 2681 1412 2764 quod

128 2799 266 2862 Bacbm.
290 2797 331 2861 ad
354 2797 547 2862 Passovium
572 2803 740 2877 provocat,
771 2802 808 2861 ut
843 2788 1056 2873 demonstret,
1086 2795 1225 2859 formam
1261 2791 1412 2872 τροχηλία

130 2896 696 2978 auctoritatecarere‚rerc01·‚ne
723 2903 867 2969 circulus
891 2905 1040 2978 vitiosus,
1074 2900 1130 2984 qui
1158 2901 1291 2978 dicitur,
1318 2902 1411 2963 ortus

130 3011 185 3075 sit
211 3010 251 3074 In
275 3009 425 3074 versibus
450 3007 537 3072 enirn
562 3008 622 3072 hcc
657 3009 791 3070 verbum
829 3007 960 3073 omniuo
997 3008 1125 3072 duabus
1161 3004 1243 3071 locis
1281 3003 1411 3068 exstare

130 3117 271 3191 videtur,
297 3134 433 3197 quorum
460 3115 542 3179 alter
567 3112 705 3192 cathir,
731 3114 770 3178 de
795 3133 859 3196 quo
884 3118 1023 3196 agimus,
1056 3115 1140 3178 aiter
1176 3111 1332 3192 Archippi
1357 3127 1412 3175 co·

130 3225 209 3290 inici
233 3221 273 3287 ir.
299 3227 339 3286 33
363 3223 548 3302 τροχιλὶαισι
570 3225 670 3286 ταῦτα
695 3224 747 3286 καὶ
769 3222 908 3299 τοπείοις
928 3221 933 3305 Ι
953 3221 1079 3286 ἱστᾶσιν
1109 3221 1172 3284 οὐκ
1195 3219 1272 3285 ἄνευ
1296 3219 1410 3284 πόνου.

130 3326 190 3396 ubi'
210 3335 335 3408 tamen,
360 3348 434 3393 cunr
458 3347 574 3393 versus
597 3345 663 3394 uon
687 3329 813 3410 integer
838 3334 990 3392 servatus
1014 3327 1070 3405 sit,
1090 3333 1231 3391 metrum
1249 3324 1410 3390 utramvis

131 3436 349 3522 quantitatem
373 3435 384 3500 i
408 3436 540 3500 litterae
564 3436 717 3505 admittit.
743 3436 883 3500 Videtur
906 3435 1008 3517 igitur
1031 3433 1210 3499 Passovius
1236 3434 1269 3496 in
1291 3433 1413 3512 impro-

130 3544 248 3611 bandis
273 3541 347 3608 aliis
370 3541 468 3608 huius
494 3543 643 3608 vocabuli
677 3541 793 3609 formis
832 3545 896 3608 hoc
930 3543 1140 3626 potissimum
1178 3539 1414 3622 aristophanis

130 3654 204 3718 laco
229 3652 324 3716 nixus
350 3669 435 3715 csse.
460 3649 556 3728 Quid,
582 3651 611 3714 si
635 3653 675 3715 ad
702 3651 833 3716 codices
858 3669 920 3718 nos
945 3646 1192 3716 convertamus?
1226 3647 1298 3712 iam
1321 3646 1413 3710 vide·

132 3759 242 3823 bimus
265 3763 390 3822 tantam
414 3760 600 3838 scripturae
626 3757 831 3835 varietatem,
854 3766 893 3822 ut
916 3777 982 3822 non
1017 3758 1115 3821 niodo
1152 3753 1192 3821 da
1229 3753 1412 3836 quantitate

130 3863 443 3942 antepaeuuitimae,
467 3863 588 3927 scd-ne
621 3863 661 3928 de
699 3863 772 3945 ipsa
807 3865 941 3945 quidem
977 3866 1091 3931 littera
1126 3863 1198 3928 eius
1234 3863 1411 3944 quidquam

131 3973 338 4039 certi-statui
364 3971 480 4052 possit:
504 3989 577 4035 narn
615 3979 649 4037 et
680 3973 832 4053 τροχηλία
867 3971 919 4035 vei
955 3972 1106 4051 τοοχηλιά
1140 3977 1173 4035 et
1205 3968 1344 4048 τροχιλία
1379 3972 1413 4031 et

130 4081 283 4160 τροχαλία
306 4085 340 4144 et
363 4078 427 4143 alia
451 4079 576 4159 scripta
599 4080 813 4162 reperiuntur
838 4078 882 4162 (v.
915 4079 950 4144 L.
975 4078 1072 4144 Diud.
1097 4078 1131 4142 in
1155 4075 1252 4140 Thes.
1276 4097 1306 4140 r.
1324 4071 1410 4149 VIII,

131 4208 161 4268 p.
188 4189 301 4271 2525);
327 4192 424 4268 atque
449 4184 547 4248 etiam
572 4184 633 4250 hnc
658 4187 743 4261 ioco,
783 4185 823 4248 de
849 4193 992 4267 quaest
1024 4186 1188 4268 quaestio,
1224 4183 1305 4248 Rar.
1338 4161 1412 4258 mo·

131 4295 248 4374 χειλίας
270 4293 406 4375 praebet
431 4291 532 4375 (quod
557 4289 639 4358 nihii
662 4291 751 4358 aliud
775 4298 826 4356 cst
849 4310 888 4356 ac
911 4292 1081 4372 τροχιλίαςς
1107 4289 1147 4356 ci.
1172 4289 1286 4356 Cobet.
1311 4287 1347 4351 λ’.
1373 4285 1411 4351 L.
1439 4296 1441 4302 ·

133 4421 163 4484 p.
187 4405 243 4466 88:
262 4393 483 4482 '„saepissime
511 4400 638 4465 iuvabit
672 4401 704 4464 in
733 4405 885 4482 tempore
923 4397 1124 4477 meminisse,
1153 4397 1288 4478 perinde
1324 4413 1410 4470 esse,

133 4513 242 4574 utrum
266 4529 293 4574 ει
316 4525 357 4574 au
382 4530 391 4572 ι
415 4509 458 4574 sit
482 4507 643 4588 scriptum
668 4507 821 4573 inlibris
845 4513 879 4572 at
902 4507 1023 4588 ubique
1049 4503 1245 4586 nobisipsis
1271 4520 1344 4568 esse
1362 4502 1409 4567 vi·

134 4614 284 4692 deudum‚
309 4620 384 4679 utra
423 4615 567 4682 lectione
606 4616 651 4682 sit
690 4615 820 4698 opus‘).
861 4613 1010 4696 Itemque
1047 4614 1079 4678 iu
1113 4611 1273 4693 Archippi
1307 4609 1411 4676 versi·
