3376 5380
637 508 836 570 -197-

149 674 189 738 ΙΙ.
215 675 284 740 Iam
308 679 514 741 transeamus
538 674 579 739 ad
604 671 764 737 tralatam
787 672 969 754 particulae
993 689 1102 749 usum,
1117 670 1174 751 qui
1195 670 1298 735 multo
1326 688 1378 733 ra-

105 782 175 850 rius
199 781 375 866 invenitur,
400 801 498 865 quam
521 781 685 864 proprius.

152 909 185 986 1)
208 906 257 972 Ac
280 907 423 989 primum
448 907 578 989 quidem
602 907 688 985 παρά
712 905 814 972 semel
846 908 886 971 de
911 905 1137 969 conuenientia
1163 907 1379 993 duarumnre-

104 1031 178 1079 rum
212 1014 361 1096 legimus,
386 1012 442 1078 ubi
477 1013 601 1096 aliquid
635 1012 810 1078 comodum
841 1013 938 1078 aliam
963 1030 1033 1077 rem
1056 1010 1129 1076 fieri
1152 1009 1274 1076 dicitur
1299 1009 1379 1090 (quo

11 1187 12 1192 ,
104 1119 274 1188 intellectu
298 1119 418 1187 Graeci
441 1124 521 1188 κατά
544 1120 788 1204 praepositione
813 1119 860 1185 uti
889 1120 1060 1203 solebant).

147 1240 206 1311 Th.
234 1251 293 1311 121
323 1245 485 1331 Ι(ἀείσατε)
519 1237 612 1334 ᾼατώ
651 1235 692 1323 rs,
734 1233 894 1325 κρούματά
934 1251 959 1311 τ’
1001 1241 1152 1327 Ἀσιὰδοζ
1191 1249 1265 1315 ποδὶ,
1302 1232 1378 1322 παρ’

106 1356 248 1435 εὔρυθμα
272 1355 421 1433 Φρυγίων
444 1355 628 1436 δινεύματα·
647 1337 799 1435 Χαρίτων,
825 1350 881 1418 nbi
904 1356 975 1432 παρ’
1003 1353 1142 1434 εὔρυθμα
1166 1373 1184 1418 a
1209 1349 1377 1423 Dindorfio

106 1480 167 1544 pro
191 1456 370 1541 παράρυθμ’
398 1458 539 1541 εὔρυθμα
576 1457 735 1537 codicum,
761 1462 929 1541 δινεύματα
953 1476 972 1524 a
995 1459 1144 1548 Bentleio
1172 1479 1232 1542 pro
1257 1460 1380 1527 διανεύ-
1465 1507 1468 1517 .

107 1590 189 1648 ματα
212 1557 396 1649 repositum
422 1573 482 1632 est.
520 1567 658 1634 Sensum
682 1564 747 1633 loci
771 1568 874 1634 schol.
899 1565 1049 1650 explicat:
1074 1575 1109 1654 τῇ
1135 1570 1257 1654 Φρυγίᾳ
1281 1569 1380 1647 ἁρμο-

10 1665 11 1694 ³
104 1665 156 1760 riu
179 1675 378 1757 ἡρμοσμένα.
413 1676 529 1758 Itaque
552 1677 593 1741 ad
618 1675 751 1742 verbnm
787 1677 868 1741 haec
891 1655 938 1740 ita
961 1677 1119 1742 vertenda
1151 1683 1236 1742 sunt:
1263 1675 1379 1760 ,Lato-

10 1811 11 1818 r
107 1800 248 1864 namque
261 1782 426 1847 celebrate
441 1789 475 1847 et
485 1783 601 1864 pulsus
617 1781 785 1848 Asiaticae
804 1782 961 1862 citharae,
979 1784 1034 1864 qui
1050 1785 1229 1850 secundum
1245 1782 1380 1866 pulchre

106 1907 300 1956 numerosas
324 1888 538 1972 Phrygiarum
564 1890 752 1955 Gratiarum
777 1891 969 1956 saltationes
993 1887 1105 1955 fiunt“.
1121 1889 1186 1957 Sed
1209 1889 1262 1957 hic
1285 1908 1381 1973 prae-

106 1998 286 2080 positionis
311 2015 391 2062 usus
416 1997 497 2061 adeo
514 1995 667 2064 insolitus
691 1996 792 2063 fuisse
808 1998 996 2075 videtur‚ut
1018 1993 1142 2063 Ravius
1169 1997 1285 2083 (ptis)
1309 1997 1382 2063 nnl-

108 2104 177 2169 lum
202 2103 291 2167 uliud
316 2103 387 2169 eius
413 2104 596 2184 exemplum
622 2101 737 2169 afferre
761 2104 904 2188 potuerit
929 2109 1061 2186 praeter
1076 2105 1276 2172 locutionem
1293 2109 1382 2184 παρὰ

107 2211 254 2290 στάθμην
280 2209 340 2292 ,ad
364 2209 554 2276 amussim“:
572 2225 672 2293 quare
701 2211 740 2274 <le
757 2209 985 2276 emendatione
1001 2210 1123 2275 dubito.

155 2335 187 2416 2)
209 2335 314 2405 Multo
340 2335 493 2401 usitatior
526 2334 590 2400 fuit
613 2335 778 2405 contraria
809 2334 1026 2423 significatio,
1041 2353 1113 2403 cunr
1136 2336 1381 2424 praepositipne

110 2441 285 2517 indicatur,
310 2441 447 2510 alteram
481 2433 568 2506 rem'
584 2461 658 2508 cum
696 2439 802 2507 ultera
833 2461 902 2510 noa
937 2426 1120 2522 coaccoirc,
1144 2444 1232 2526 quod
1266 2445 1383 2515 Latine

112 2551 284 2633 ,praeterr
322 2549 374 2618 vel
413 2541 567 2628 „conum
602 2549 775 2632 particulis
812 2549 1011 2625 declaratur.
1048 2549 1148 2618 Cuius
1180 2569 1383 2621 ususuuum

110 2657 295 2736 exemplum
320 2650 486 2738 apud'Ar.
513 2663 629 2722 exstat
1134 2639 1137 2646 ²

156 2779 193 2843 P.
219 2785 283 2845 794
308 2781 326 2844 ὃ
351 2775 426 2858 παρ’
451 2781 580 2858 ἐλπίδας
605 2780 667 2860 εἶχε
690 2752 727 2846 ro
747 2784 851 2860 δρᾶμα
877 2785 1030 2864 ,praeter
1053 2785 1178 2863 spem“.

158 2903 192 2986 8)
217 2904 298 2971 Tum
322 2921 402 2972 raro
425 2906 512 2982 παρά
535 2903 789 2976 alternationem
812 2905 962 2989 designat
986 2907 1019 2971 in

155 3030 192 3094 R.
219 3034 281 3094 643
306 3031 430 3107 πληγὴν
452 3033 540 3108 παρὰ
563 3031 687 3110 πληγήν
711 3031 861 3108 ἑκάτερον
881 3033 943 3112 (sc.
956 3032 1086 3098 πατάξω
1102 3033 1155 3098 vel
1179 3033 1275 3115 sim),
1294 3033 1381 3116 quod

112 3137 245 3219 proprie
270 3133 445 3219 significat:
465 3137 614 3219 ,plagam
637 3135 729 3204 iuxta
749 3137 877 3220 plagam
895 3137 1070 3222 infligam“,
1095 3140 1116 3203 i.
1140 3160 1169 3204 e.
1187 3141 1283 3206 aliam
1308 3146 1386 3223 post

112 3251 221 3329 aliam,
246 3252 390 3316 alternas
415 3250 537 3334 plagas.

157 3377 190 3458 4)
215 3376 341 3454 Quarto
364 3377 438 3441 loco
463 3394 580 3458 ponam
606 3393 679 3440 eum
704 3377 887 3459 particulae
910 3395 1016 3452 usum,
1033 3396 1072 3442 ex
1086 3397 1149 3462 quo
1166 3379 1385 3444 exclusionem

112 3483 285 3566 significat,
310 3481 365 3548 ubi
401 3481 513 3548 Latini
550 3486 721 3566 ,praeter“
758 3483 1047 3566 praepositionem,
1073 3503 1136 3554 nos
1160 3487 1302 3568 ,cpont
1327 3504 1385 3552 no·

113 3592 225 3654 γυροί
248 3607 414 3672 usurpare
450 3591 603 3657 solemus.
638 3589 728 3670 Quae
753 3591 801 3658 ris
824 3595 931 3659 tribus
954 3591 1036 3660 locis
1057 3592 1092 3658 in
1114 3612 1179 3658 una
1205 3593 1383 3677 eademque

113 3696 281 3762 locutione
307 3697 461 3764 occurrit.

157 3821 195 3888 N.
222 3826 296 3887 698.
320 3821 361 3886 V.
383 3827 477 3891 1166.
502 3824 539 3890 Ρ.
561 3830 621 3890 110
647 3825 706 3890 οὐκ
731 3827 798 3890 ἔστι
820 3828 907 3905 παρὰ
930 3821 1016 3889 ταῦτ’
1040 3823 1119 3890 ἄλλα
1146 3824 1230 3906 „alie
1253 3832 1387 3910 praeter

115 3931 197 3994 haec
220 3948 286 3995 non
310 3931 418 4012 sunt“,
442 3932 462 3995 i.
490 3951 518 3996 e.
546 3931 660 4012 ,aliter
685 3927 757 3996 fieri
780 3950 844 3997 non
868 3933 1010 4012 potesta

161 4054 194 4136 5)
217 4053 344 4133 Restat,
368 4059 405 4120 ut
428 4055 606 4122 dictionem
630 4058 716 4134 παρὰ
742 4055 834 4123 πολύ1
850 4071 1116 4132 commemorem,
1133 4072 1216 4136 quac
1240 4056 1389 4138 superla-

116 4159 182 4224 tivo
206 4144 338 4226 additur
361 4159 402 4226 ad
425 4162 497 4228 cius
514 4161 580 4227 vim
604 4163 788 4244 aagendam
808 4161 929 4244 eodem
950 4179 1058 4237 sensu,
1074 4179 1137 4254 quo
1154 4160 1262 4228 Latini
1284 4162 1386 4244 ,mul-

114 4267 169 4331 to‘
197 4267 320 4332 dicunt.

159 4391 208 4457 Pl.
233 4397 297 4457 445
321 4394 504 4482 ιδεινότατον
528 4393 623 4471 ἔργον
646 4396 733 4472 παρὰ
755 4394 836 4461 πολὺ
862 4393 971 4472 ἔργων.
989 4394 1150 4461 ἁπάντων.
