3326 5372
828 403 1025 468 -182-

339 579 498 660 Denique,
524 577 626 642 senrel
649 577 732 654 πρὸς
755 579 838 638 θεῶν
861 574 894 637 in
919 571 1083 639 sententia
1106 569 1298 670 adfirmative
1323 567 1504 636 invenimus
1521 587 1554 634 eo

294 703 403 763 sensu,
429 703 493 767 quo
517 685 556 763 νή
582 702 610 748 ο.
635 702 702 748 acc.
729 682 814 746 solet
836 680 911 745 dici.

337 788 389 854 Fr.
416 793 467 866 51,
496 793 509 851 l
536 789 618 866 πρὸς
642 793 736 871 θεῶν,
760 781 872 866 ἔραμαι
894 785 1014 864 τέττιγα
1052 786 1178 863 φαγεῖν,
1215 785 1269 866 qui
1308 785 1403 849 locus
1432 781 1555 864 parodia

294 901 346 961 est
369 893 448 961 Eur.
473 895 571 978 Hipp.
597 900 671 959 219.
698 895 849 960 Ceterum
874 891 937 957 hac
961 889 1176 956 affirmatione
1202 891 1415 968 voluntatem,
1439 887 1556 954 deside·

291 1003 377 1068 rium
403 1003 564 1068 declarari
589 1007 702 1068 censet
726 998 858 1068 Bachm.
883 998 929 1083 (p.
957 1000 1045 1081 146),
1077 1003 1113 1063 ut
1137 1020 1189 1077 πρ.
1226 1003 1310 1062 θεῶν
1343 997 1397 1062 hio
1435 1013 1556 1078 quoque
1628 1061 1629 1064 ,

293 1112 337 1176 sit
356 1111 568 1192 postulantis.

337 1217 389 1282 lll.
412 1218 530 1282 Restat
552 1217 655 1296 locus,
685 1215 739 1282 ubi
776 1215 908 1282 codices
941 1212 1061 1278 habent
1098 1211 1386 1295 praepositionem,
1421 1210 1555 1277 editores

293 1325 439 1391 nonnulli
463 1324 640 1407 expellunt,

337 1427 370 1500 V..
399 1434 483 1495 1414
507 1433 557 1495 καί
581 1432 621 1495 σὺ
646 1431 684 1507 δή
709 1449 760 1509 μοι
785 1429 953 1507 Χαιρεφῶν
974 1430 1096 1505 γυναικὶ
1124 1428 1283 1506 κλητεύειν
1308 1428 1421 1505 ἐοικὼς
1445 1427 1555 1505 θαψίνη
1630 1451 1631 1505 γ

291 1532 365 1602 Ἰνοῖ
387 1538 563 1620 κρεμαμένῃ
588 1538 670 1616 πρὸς
690 1541 801 1601 ποδῶν
826 1536 1008 1613 Εὐριπίδου.
1033 1535 1085 1599 Ita
1107 1535 1159 1599 hic
1195 1535 1286 1600 locus
1323 1535 1356 1598 in
1396 1532 1558 1598 codicibus

290 1644 421 1725 legitur.
447 1644 539 1722 Quae
564 1661 636 1710 cum
662 1642 739 1709 terri
764 1661 827 1707 non
851 1646 997 1724 possent,
1014 1641 1175 1708 Reiskeus
1193 1642 1299 1720 ἔοικας
1314 1644 1432 1726 θαψίνῃ
1454 1657 1559 1706 emen·

289 1753 386 1829 davit,
411 1751 582 1817 Dobraeus
606 1752 767 1830 κλητεύων
790 1750 884 1835 (Adv.
910 1751 963 1816 Cr.
988 1751 1030 1835 ll,
1056 1769 1085 1831 p.
1112 1752 1185 1814 205:
1215 1751 1323 1834 ,Ordo
1349 1757 1399 1818 est
1421 1752 1464 1816 σὺ
1490 1756 1557 1827 utn-

288 1861 390 1925 τεύων
414 1863 439 1928 ἕ.
464 1862 586 1938 γυναικί
608 1865 687 1937 θαψ.
712 1859 744 1923 ln
776 1856 934 1941 pallorem
969 1857 1098 1924 ridetur
1133 1859 1358 1941 Chaerephon,
1393 1877 1463 1924 non
1494 1875 1557 1922 mu-

290 1963 396 2050 lier“),
422 1967 631 2032 llcrmannus
654 1971 852 2045 προσπολῶν
876 1965 1020 2048 scripsit,
1047 1984 1127 2047 quas
1162 1966 1370 2032 coniecturas
1406 1967 1506 2032 Mein.
1530 1967 1557 2030 iu
1631 2039 1632 2044 .

288 2075 470 2156 exemplum
495 2073 632 2157 recepit.
657 2076 763 2158 Atque
789 2073 923 2140 Reiskci
948 2080 980 2137 et
1004 2073 1145 2138 Dobraei
1171 2075 1418 2140 emendationes
1436 2072 1556 2140 vixdu-

287 2181 388 2247 bitari
414 2187 524 2263 potest
548 2181 626 2264 quin
651 2185 762 2248 rectae
787 2181 862 2265 sint,
889 2181 976 2263 quod
999 2199 1064 2246 non
1090 2182 1178 2246 cadit
1212 2183 1245 2247 in
1270 2181 1552 2248 Hermannianam:

288 2289 442 2371 displicet
466 2289 552 2354 onim
576 2289 703 2371 tragica
726 2308 787 2354 vox
812 2308 914 2372 eaque
939 2307 1023 2364 rara,
1048 2289 1245 2371 praesertim
1272 2308 1344 2354 cum
1369 2309 1408 2354 oe
1426 2289 1475 2354 ita
1494 2290 1557 2372 qui·

286 2397 358 2461 dem
383 2396 476 2461 locus
502 2397 688 2462 adsensum
715 2397 891 2479 quidquam
916 2396 1078 2479 proficiat.
1103 2396 1183 2462 Nam
1207 2398 1240 2463 in
1265 2399 1394 2481 vulgata
1419 2399 1555 2464 lectione

286 2503 349 2567 etsi
374 2503 406 2567 in
424 2500 479 2568 illo
497 2506 582 2582 πρὸς
600 2509 710 2568 ποδῶν
727 2503 932 2583 offendimus,
949 2510 1060 2568 cetera
1076 2510 1185 2571 tamen
1201 2507 1343 2588 aliquam
1370 2512 1461 2571 certe
1479 2505 1557 2572 scin-

284 2609 389 2673 tillam
403 2627 519 2676 sensus
536 2609 663 2676 habent:
678 2609 939 2692 Chaerephontis
954 2612 1038 2676 enim
1052 2611 1166 2694 pallor,
1181 2613 1236 2695 qui
1247 2618 1280 2679 ot
1293 2612 1370 2678 alibi
1381 2615 1555 2689 deridetur,

289 2736 361 2782 cum
391 2717 516 2798 pallore
545 2718 622 2784 Inus
659 2725 869 2800 comparatur
893 2717 1015 2801 (ἔοικας
1040 2720 1123 2798 Ἰνοῐ;
1149 2719 1187 2784 cf.
1216 2719 1316 2789 schol.
1346 2720 1386 2784 V:
1413 2722 1556 2800 εἰσήγαγε

284 2825 318 2886 δὲ
343 2823 511 2902 Εὐριπίδης
537 2825 594 2901 τὴν
624 2820 693 2888 Ἰνὼ
728 2825 836 2903 ῶχρὰν
861 2825 922 2888 ὑπὸ
946 2829 1003 2902 τῆς
1025 2825 1248 2903 κακοπαθείας.
1273 2827 1366 2890 καὶὸ
1390 2826 1557 2906 Χαιρεφῶν

283 2931 317 2992 δὲ
341 2931 486 3005 τοιοῦτος
511 2927 607 3007 ἄλλος
632 2930 715 2994 ἔοικε
739 2931 849 3014 Θαψίᾳ.
882 2932 987 3011 ὠχρὸς
1019 2935 1079 3010 γὰρ
1111 2932 1280 3012 Χαιρεφῶν
1316 2935 1367 2997 καί
1401 2934 1420 3012 ἡ
1456 2935 1557 3012 θάφος

281 3037 435 3114 τοιαύτη).
478 3036 619 3119 Vulgata
654 3037 753 3122 igitur
786 3036 885 3103 lectio
921 3039 1032 3121 aliqua
1068 3055 1106 3103 ox
1140 3046 1233 3122 parte
1271 3041 1420 3124 intellegi
1451 3046 1557 3124 potest

283 3142 360 3224 (etsi
397 3162 454 3207 cur
491 3145 729 3222 κλητεύων
765 3145 978 3227 Chaerepuon
1015 3165 1087 3212 cum
1123 3147 1260 3212 muliere
1284 3147 1406 3230 pallida
1430 3167 1556 3231 compa·

282 3257 383 3330 retur,
408 3271 471 3318 non
495 3251 609 3334 tiques
636 3251 673 3318 cf.
699 3253 862 3336 Bakhuyz.
887 3273 918 3335 p.
944 3254 1011 3338 65),
1039 3252 1215 3320 llcrmanni
1241 3276 1317 3322 vcro
1342 3257 1444 3323 lectio
1469 3277 1556 3340 pror·

283 3380 339 3424 sus
362 3360 473 3443 inepta
497 3368 557 3426 est:
583 3362 660 3444 quid
686 3365 771 3450 enim
797 3365 836 3428 ad
861 3363 966 3445 ipsius
992 3364 1251 3446 Chacrephontis
1275 3366 1449 3447 pallorum,
1475 3367 1556 3450 quod

280 3468 413 3534 mulieri
437 3469 578 3550 pallidae
603 3470 768 3536 ministrat
790 3472 1032 3557 (npoonoldrrll
1050 3473 1097 3538 Cf.
1124 3473 1239 3556 Bergk.
1267 3476 1354 3556 apud
1378 3475 1479 3542 Mein.
1506 3477 1554 3541 Fr.

282 3577 421 3651 Com.2,
449 3595 479 3658 p.
510 3561 602 3645 1105.
627 3575 736 3660 ltaque
760 3579 813 3644 hic
838 3578 931 3644 locus
965 3581 1043 3644 mihi
1082 3599 1224 3662 quoque,
1257 3587 1294 3647 ut
1329 3579 1555 3666 Bakhuyzeno

279 3683 415 3763 gravius
440 3693 618 3769 corruptus
647 3687 785 3765 ridetur,
812 3689 898 3770 quod
922 3689 1184 3754 exmultitudinc
1213 3691 1414 3770 mendorum,
1440 3693 1556 3774 quibus

280 3784 417 3871 laborat,¹
442 3799 589 3874 apparot.

549 4091 584 4157 Ο.
620 4094 755 4172 Πρός,
794 4112 820 4160 c.
855 4095 943 4161 dat.
981 4100 1299 4177 coniunctum,

321 4297 345 4360 Ι.
372 4295 494 4362 Locum
518 4300 677 4382 designat,
703 4299 793 4379 opud
816 4321 912 4383 quem
937 4305 1063 4387 aliquid
1078 4311 1229 4372 versatur
1249 4308 1313 4390 (,y,
1332 4311 1442 4392 τιμαί).
1459 4309 1549 4375 Som-

282 4421 340 4482 μοι
364 4402 402 4466 de
426 4404 525 4469 rebus
548 4404 678 4481 dicitur,
703 4423 868 4489 nunquam
904 4411 944 4477 de
967 4411 1154 4478 hominibus
1190 4416 1335 4496 (praetor
1356 4417 1415 4480 Αν.
1443 4419 1547 4500 1553).

322 4507 361 4573 N.
390 4515 450 4573 163
472 4511 554 4590 πρὸς
577 4519 680 4597 στενῷ
705 4519 937 4594 προσκείμενον
959 4522 1016 4586 τόν
1039 4522 1197 4600 πρωκτόν.
