3328 5370
802 505 977 563 ...12-

288 674 429 749 κίστη;
453 670 489 736 L.
516 673 601 736 1184
624 669 672 734 Ὶιίιν
695 670 730 736 ἐν
753 673 837 736 ταῑσι
862 693 888 734 κ.
913 670 1048 749 εἴχομεν.
1174 728 1177 736 .

253 839 256 848 .
289 777 342 844 Fr.
368 779 421 855 28,
446 777 465 840 2
490 779 566 855 τοὺς
589 777 762 856 ὄφεις-ἐν
782 778 1149 860 κίστῃ-κατασήμηναι.

198 959 204 970 Ι
256 924 258 937 =
287 885 492 965 κυλίχνηι
517 883 574 953 Ἐκ.
595 885 660 950 498
683 883 858 961 τὸ--ἔτνος
877 884 955 948 τούν
971 886 1040 960 ταῖς
1064 905 1092 948 κ.

290 993 396 1056 κύττ
410 1015 429 1056 α
442 1014 460 1070 ρ
475 1010 534 1069 og:
559 989 597 1054 V.
626 993 706 1057 1111
734 991 768 1054 ἐν
792 995 860 1070 τοῖς
880 1013 907 1054 κ.
934 990 1120 1067 κινούμενοι.

289 1100 505 1176 λήκυθοςε
532 1099 587 1162 Αν.
616 1099 698 1162 1589
725 1098 831 1162 ἔλαιον
855 1097 914 1162 οὐκ
937 1097 1060 1162 ἐνεστιν
1083 1098 1118 1162 ἑν
1142 1101 1231 1178 τῇλ.
1333 1101 1334 1108 ’

290 1205 402 1268 λοπά
416 1221 442 1282 ςι
467 1203 505 1266 V.
532 1206 592 1266 511
619 1203 827 1272 δικίδιον-ἐν
851 1204 965 1270 λοπάδι
981 1205 1200 1281 πεπνιγμένον.

290 1312 465 1390 λόχνοςε
490 1309 525 1374 N.
555 1313 594 1386 56
620 1311 726 1376 ἔλαιον
749 1311 823 1390 ἡμῖν
847 1311 907 1376 οὐκ
931 1307 1033 1375 ἔνεστ’
1057 1312 1092 1376 ἐν
1114 1313 1159 1394 τῳ
1184 1317 1211 1379 λ.

289 1421 563 1497 λυχνοῦχος
587 1417 639 1482 Fr.
665 1421 695 1496 8,
720 1403 739 1481 2
764 1416 974 1497 διαστίλβονθ’
1011 1417 1137 1497 δρῶμεν
1171 1418 1283 1495 ὥσπερ
1308 1419 1343 1482 ἐν
1366 1421 1462 1498 καινῷ
1488 1419 1520 1480 λ.

243 1525 347 1590 πάντα
369 1528 426 1601 τῆς
448 1525 613 1602 ἐξωμίδος.
1152 1565 1155 1572 .

290 1627 537 1707 όστρακοιιε
561 1629 599 1694 R.
626 1631 710 1692 1190
735 1629 885 1696 ἐξέθεσαν
908 1631 943 1696 ἐν
967 1629 1117 1713 ὀστράκῳ
1142 1629 1278 1710 (αὐτόν).

288 1737 494 1814 πιθάκνης
520 1735 558 1800 Ε.
586 1738 646 1800 792
673 1735 808 1800 οἰκοῦντ’
831 1737 866 1801 ἐν
888 1739 958 1813 ταῖς
981 1729 1183 1802 πιθάκνόισιν
1205 1739 1256 1801 καὶ
1279 1737 1444 1812 γυπαρίοις
1467 1735 1518 1798 καὶ

244 1843 431 1921 πυργιδίοις.

288 1972 311 2015 π
324 1954 340 2014 λ
354 1970 372 2013 o
386 1973 395 2014 ι
407 1950 427 2014 ά
439 1970 456 2027 ρ
470 1969 549 2013 ιον;
574 1950 612 2015 R.
640 1953 701 2016 139
727 1951 761 2016 ἐν
783 1949 1080 2033 πλοιαρίῳ-διόξει
1102 1949 1176 2031 (σε).

288 2052 342 2115 πό
355 2071 370 2114 ε
383 2054 401 2117 λ
415 2072 432 2114 ο
448 2067 476 2128 g:
500 2049 539 2114 Ε.
565 2055 605 2116 55
630 2057 731 2130 μάζαν
755 2053 931 2131 μεμαχότος
955 2053 990 2117 ἐν
1009 2054 1127 2135 πυέλῳ.

289 2157 341 2224 Fr.
367 2161 441 2236 360,
467 2162 485 2221 2
511 2160 682 2237 σμωμένην
706 2159 741 2222 ἐν
764 2164 800 2239 τῇ
825 2182 857 2227 π.

290 2265 471 2329 σακίονι
491 2263 545 2327 Fr.
570 2269 633 2328 328
670 2264 792 2340 σακίον,
819 2266 855 2328 ἐν
889 2263 1005 2341 οἷσπερ
1039 2264 1209 2342 τάργύριον
1243 2257 1429 2342 ταμιεύεται,
1461 2259 1517 2328 ubi

246 2371 403 2437 Kockius:
430 2372 469 2452 „i
491 2390 518 2436 e.
544 2373 658 2436 σακίον
682 2389 722 2435 ox
746 2389 882 2436 numero
911 2389 1036 2442 eorum,
1059 2373 1095 2438 ἐν
1119 2371 1235 2449 οἷσπερ
1259 2373 1345 2438 κτλί.
1448 2379 1451 2386 ’

289 2477 453 2556 σκάφης
478 2476 516 2542 E.
544 2481 627 2542 1315
649 2480 706 2555 τὰς
730 2478 871 2556 σκάφας,
895 2479 930 2542 ἐν
949 2477 1002 2555 αἷς
1025 2479 1140 2544 ἐπώλει
1162 2479 1239 2554 τοὺς
1262 2477 1410 2556 λιίχνους.

290 2586 443 2663 σορός;
468 2583 516 2648 Pl.
543 2589 583 2648 27
589 2590 605 2646 7
631 2586 666 2649 ἐν
689 2590 724 2666 τῇ
751 2591 842 2667 σορῷ
865 2587 935 2649 νυνὶ
958 2586 1057 2663 λαχόν
1079 2587 1117 2649 τό
1141 2586 1267 2663 γράμμα
1304 2599 1367 2652 σου
1390 2582 1516 2648 δικάζει.

289 2693 462 2772 τρίβωνι
488 2692 526 2753 Α.
553 2694 616 2754 343
643 2692 678 2756 ἐν
700 2694 768 2768 τοῖς
792 2713 818 2754 τ.
841 2691 1167 2768 ἐγκάθηνται-λίθοι,

287 2798 494 2879 χαλκίονε
519 2797 557 2864 Α.
585 2799 669 2861 1128
692 2798 726 2860 ἐν
749 2804 794 2880 τῷ
821 2818 848 2876 χ.
874 2797 978 2875 ἐνορῶ
1001 2799 1148 2874 γέροντα.

287 2905 340 2970 Fr.
367 2907 439 2980 107,
465 2907 483 2968 2
510 2906 557 2967 δεῖ
579 2903 662 2982 ἡμᾶς
686 2904 751 2968 ἐκεῖ
774 2901 802 2967 ’ν
830 2908 1015 2988 τῷχαλιάῳ
1040 2907 1252 2983 λελουμένους
1277 2903 1455 2982 σχολάζειν.
1479 2899 1516 2964 In

243 3010 390 3076 Pollucis
426 3009 527 3083 libris,
561 3009 617 3090 qui
649 3009 710 3074 hos
746 3027 861 3083 versus
892 3009 1272 3092 servavitsprcepositio
1297 3027 1362 3076 non
1383 3007 1516 3089 legitur

242 3118 354 3184 addito
379 3121 431 3181 esi
454 3135 473 3180 a
496 3113 634 3192 Kockio‚
671 3121 850 3197 praeeunte
886 3116 1106 3197 Bochmanno‚
1132 3117 1186 3198 qui
1212 3115 1257 3198 (p.
1284 3121 1323 3180 16
1349 3115 1411 3198 sq.)
1436 3114 1517 3198 hoco

243 3223 417 3306 praecipit:
442 3221 660 3302 „Nominibus
683 3241 839 3290 vasorum
865 3224 983 3305 quibus
1008 3222 1087 3305 quid
1103 3222 1264 3292 contineri
1281 3222 1334 3286 vol
1351 3219 1383 3288 in
1400 3221 1517 3302 quibus

242 3329 322 3413 quid
347 3327 418 3395 fieri
442 3328 564 3394 dicitur
588 3331 622 3394 ἐν
647 3329 829 3395 addendum
854 3335 948 3404 esim,
973 3329 1038 3394 nisi
1055 3330 1084 3395 si
1098 3348 1157 3411 pro
1175 3329 1393 3396 instrumento
1411 3325 1517 3407 accipi

242 3443 389 3520 possunt.
411 3437 504 3502 cuius
528 3453 590 3518 ope
614 3443 712 3518 atque
737 3435 859 3502 auxilio
884 3435 1007 3518 aliquid
1030 3435 1098 3503 fit“.
1122 3435 1240 3515 Recte,
1262 3442 1300 3500 ut
1322 3433 1401 3500 mihi
1425 3434 1518 3501 vide-

245 3552 306 3610 iur.
330 3545 419 3610 Idem
447 3543 569 3608 conicit
592 3542 678 3607 hunc
713 3543 822 3607 locum
847 3541 894 3606 ito
920 3560 1049 3625 quoque
1073 3544 1174 3609 scribi
1196 3560 1305 3625 posse:
1328 3549 1373 3626 τῳ
1398 3543 1517 3626 χαλκίῳ

243 3637 494 3728 ’λλελουμένους
519 3665 616 3730 quam
642 3649 867 3715 coniecturam
890 3649 940 3715 illi
964 3652 1063 3718 ctiam
1086 3649 1242 3733 praefert.

285 3757 428 3837 χύτρα
463 3754 529 3818 Th:
547 3757 611 3818 505
627 3754 865 3835 ,εἰσέφερε-ἐν
887 3741 985 3840 χύτρᾳ
1008 3759 1044 3822 τὸ
1068 3758 1207 3825 παιδίον.

285 3862 339 3929 Fr.
364 3867 439 3936 591,
464 3863 482 3924 2
509 3862 629 3941 τήνχ.,
655 3863 731 3946 ἐνῇ
756 3865 794 3927 τὰ
818 3861 934 3941 κρεάδι’
969 3863 1062 3941 ἣψες.
1103 3867 1167 3928 074
1199 3864 1363 3943 σφοδελόν
1406 3864 1441 3927 ἐν
1463 3865 1518 3943 χιί-

240 3985 344 4047 τραισι
368 3967 517 4046 μεγάλαις
542 3967 711 4045 ἑψόμενον.

285 4075 538 4155 χυτρίδιονῑ
562 4073 601 4138 Α.
628 4077 711 4138 1175
736 4076 824 4154 ὕδωρ
848 4077 883 4140 ἐν
906 4076 1054 4159 χυτριδίῳ
1079 4077 1271 4155 θερμαίνετε.

285 4179 322 4270 d)
343 4183 458 4260 Porro,
479 4181 520 4246 od
544 4181 710 4248 notionem
749 4202 870 4257 rerum,
896 4182 1072 4266 inquibus
1111 4183 1237 4265 aliquid
1260 4181 1356 4257 inest,
1390 4183 1517 4262 scripta

140 4347 143 4360 .
241 4308 370 4372 quoque
395 4287 546 4368 dictoque
570 4289 740 4354 accedunt.
767 4289 868 4355 Cuius
892 4289 1021 4372 generis
1046 4291 1193 4372 exempla
1216 4291 1297 4356 haec
1321 4289 1434 4356 habes.

282 4395 322 4460 ἰα
335 4418 355 4475 μ
370 4398 510 4476 βεῖονι
535 4394 572 4462 R.
602 4397 686 4459 1204
710 4397 910 4475 ἐναρμόττειν
934 4396 1098 4461 ἅπαν-ἐν
1120 4399 1188 4474 τοῖς
1213 4396 1389 4476 ἰαμβείοισι.
1412 4461 1415 4470 ,

239 4554 243 4576 ,
286 4501 560 4578 κατάλογοςε
583 4500 622 4567 Ε.
651 4503 732 4566 1369
758 4499 887 4581 ὁπλίτης
911 4503 1044 4584 ἐντεθεὶς
1069 4501 1104 4568 ἐν
1132 4503 1309 4586 καταλόγῳ.
