3328 5370
681 409 683 420 ¹
772 396 945 460 -24-

223 559 382 632 ἀντιλέξαι,
408 559 463 622 ubi
487 561 522 626 ἐν
544 579 606 641 pro
630 563 681 628 καὶ
703 561 861 628 librorum
887 579 906 624 a
930 559 1058 626 Koelrio
1089 519 1296 642 propositum
1320 566 1381 638 ast,
1406 558 1503 642 quod

223 665 304 729 δίκαι
328 681 457 747 semper
480 683 597 734 causas
621 668 791 736 iudiciales
816 667 991 751 significet.
1028 665 1110 730 Mihi
1134 683 1213 732 vero
1248 666 1350 732 multo
1375 665 1505 750 proba-

222 771 320 836 bilior
344 773 386 837 ad
410 791 544 838 sensum
569 775 700 856 quidem
724 773 882 840 Kaehleri
907 773 1101 839 coniectura
1123 773 1255 838 videtur
1278 775 1329 838 καὶ
1361 779 1397 856 τῇ
1422 774 1500 858 δίκῃ

226 877 372 960 „legibus
395 884 429 942 et
450 879 600 945 iustitiae
632 879 858 948 contradicere
867 882 891 954 “,
929 897 1012 961 quae
1040 877 1149 960 aliqua
1184 897 1223 942 ex
1260 884 1358 960 parte
1391 877 1496 944 etiam
1559 937 1560 942 ,
1654 858 1658 897 ἶ

223 1000 320 1048 versu
345 986 409 1050 888
434 983 658 1052 confirmetur.
693 987 733 1051 V.
759 987 915 1057 Kaehleri
938 1005 971 1069 p.
995 987 1069 1049 201.
1240 1039 1242 1044 ,

267 1090 306 1154 V.
333 1094 419 1158 1060
442 1091 646 1172 ἄλκιμοι-ἐν
669 1098 781 1175 χοροῖς
807 1095 859 1178 „io
886 1093 995 1160 choris
1014 1091 1233 1177 (ducendis)“.
1251 1095 1334 1158 1261
1354 1091 1400 1156 ὧν
1416 1092 1497 1170 ἔμα-

224 1205 278 1278 θες
301 1201 336 1264 έν
357 1206 403 1282 τῷ
426 1183 608 1286 συμποσίῳ.

268 1305 304 1370 L.
331 1311 415 1374 1227
440 1308 611 1387 ἡμεῖς-ἐν
635 1310 714 1394 οίνιμ
739 1311 897 1389 συμπόται
920 1309 1108 1387 σοφώτατοι
1131 1307 1186 1386 „in
1209 1306 1317 1377 vino“‚
1342 1311 1378 1372 ut
1394 1304 1495 1370 etiam

226 1409 338 1478 Latini
362 1413 486 1479 dicunt.
747 1483 753 1496 ⁸

269 1517 327 1583 Th.
356 1522 416 1582 112
442 1522 477 1587 ἐν
500 1521 690 1602 εὐμούσοισι
711 1526 814 1602 τιμαῖς
836 1524 933 1601 γέρας
966 1522 1054 1600 ἱερὸν
1076 1521 1253 1600 προφέρων
1277 1520 1356 1602 „qui
1381 1520 1414 1584 in
1437 1517 1497 1584 ho-

227 1626 362 1692 noribus
385 1627 556 1694 Musarum
580 1649 710 1696 sacrum
735 1633 810 1695 ante
834 1630 919 1694 alios
943 1646 1057 1695 omnes
1095 1628 1163 1692 fers
1198 1628 1413 1709 praemium“‚
1437 1625 1497 1692 llo-

227 1749 325 1797 nores
349 1738 457 1798 autem
480 1735 646 1800 Musarum
671 1741 748 1801 sunt
772 1735 952 1802 certamina
975 1734 1102 1800 musica
1126 1734 1168 1816 (ν.
1193 1732 1378 1798 Fritasohei
1395 1731 1496 1816 ann).

228 1842 291 1904 835
314 1842 781 1920 προεδρίαν-ωδίδοσθαι-έν
804 1847 873 1922 ταῖς
895 1842 1005 1919 ἄλλαις
1029 1843 1165 1920 ἑορταῖς.
1191 1841 1254 1904 873
1279 1841 1439 1918 καμόντας
1462 1840 1498 1905 ἐν

228 1950 354 2025 χειμῶνι
377 1949 428 2012 καὶ
450 1950 624 2026 ναυαγίαις,
650 1948 706 2014 ubi
731 1951 767 2014 ἐν
802 1949 900 2014 etiam
929 1948 1095 2014 causalem
1131 1947 1292 2028 quandam
1327 1944 1497 2014 notionem

222 2049 330 2119 habet.
1529 2063 1531 2067 ·

269 2159 308 2226 R.
334 2163 397 2225 368
423 2167 627 2248 κωμῳδηθεὶς
651 2164 685 2229 ἐν
708 2169 778 2242 ταῖς
800 2165 943 2242 πατρίοις
966 2163 1115 2238 τελέταις.

269 2263 329 2331 Eo.
354 2269 416 2330 987
443 2272 477 2330 et
500 2270 563 2332 988
587 2272 644 2334 τὸν
668 2271 703 2335 ἐν
725 2275 849 2348 πεττοῖς
873 2271 983 2349 νόμον.

270 2368 321 2438 Fr.
348 2377 409 2438 153
434 2376 468 2440 ἐν
491 2381 575 2440 τοῖσι
599 2378 801 2455 συνδείπνοις
826 2379 965 2442 ἐπαινῶν
988 2375 1156 2455 Αἰσχύλον,
1190 2391 1254 2455 quo
1277 2391 1375 2437 versu
1398 2372 1499 2436 Athe·

226 2498 327 2546 naeus
351 2482 456 2545 utitur
480 2483 522 2546 ad
545 2482 712 2564 probanda
735 2502 819 2564 quae
844 2484 941 2550 modo
965 2482 1053 2548 dixit·
1079 2482 1271 2547 σύνδειπνον
1300 2481 1424 2558 εἴρηκεν
1448 2479 1499 2542 ἐπὶ

227 2589 506 2666 συμποσίου-καί
528 2591 761 2669 Ἀριστοφάνης
795 2592 814 2653 Γ
814 2591 1077 2673 oportun—433
1100 2589 1236 2665 ἀτταγᾶς
1252 2587 1384 2666 ἥδιστον
1408 2585 1497 2663 ἕψειν

226 2696 261 2760 ἐν
284 2695 444 2774 ἐπινικίοις
468 2699 575 2774 κρέας,
599 2697 656 2762 ubi
680 2698 811 2763 ἐπινίκια
837 2697 1014 2778 „opiparas
1039 2700 1116 2760 sunt
1146 2694 1273 2776 epulae,
1314 2710 1395 2774 quas
1420 2693 1500 2756 cho·

225 2821 324 2886 rogus
348 2803 547 2868 adornabat“
575 2803 705 2888 (Bergk.
730 2805 764 2870 in
784 2805 882 2872 Mein.
907 2804 960 2873 Fr.
985 2803 1074 2870 (lom.
1102 2823 1133 2868 ν.
1158 2807 1187 2878 2,
1222 2821 1254 2883 p.
1288 2795 1395 2886 1127),
1432 2815 1498 2864 non

224 2910 294 2974 dies
317 2912 432 2987 festus,
455 2917 493 2974 ut
515 2916 632 2992 putare
656 2912 786 2978 videtur
809 2911 966 2991 Kookius‚
992 2911 1047 2994 qui
1070 2909 1277 2992 ineptissime
1307 2907 1434 2975 confert
1457 2922 1497 2971 ex

226 3015 260 3082 G.
286 3017 311 3081 Ι.
336 3013 422 3099 [Gr]
449 3020 535 3081 2374
559 3037 575 3080 e
601 3018 705 3100 [adu]
728 3023 798 3097 τοῖς
822 3020 992 3097 θεοξενίοις
1016 3025 1050 3083 et
1073 3019 1198 3093 ἐντοῖς
1222 3021 1251 3079 θ.
1267 3013 1348 3079 Nam
1365 3014 1495 3079 etiamsi

227 3123 312 3205 apud
335 3123 391 3189 Ar.
415 3123 546 3188 ἐπινίκια
570 3125 659 3190 diem
684 3123 801 3190 festum
826 3124 1060 3212 significarent,
1093 3121 1153 3188 illa
1185 3119 1294 3186 afferri
1318 3139 1381 3186 non
1405 3125 1497 3201 pote-

144 3269 150 3281 ·
226 3234 310 3310 rant,
336 3231 421 3311 quod
446 3236 479 3294 et
492 3232 609 3298 titulus
633 3251 698 3298 non
722 3234 889 3315 antiquior
905 3232 1035 3296 videtur
1059 3248 1132 3295 esse
1150 3228 1280 3311 „medio
1303 3226 1371 3293 fere
1387 3228 1494 3309 primo

227 3342 301 3400 ante
326 3336 492 3404 Christum
518 3341 669 3406 saeculo“
698 3340 878 3424 (Βρυσίαι),
904 3343 938 3404 et
960 3337 1162 3420 praepositio
1190 3355 1209 3400 a
1233 3334 1397 3402 Boeokhio
1423 3354 1498 3416 sup·

227 3441 316 3524 plata
340 3450 400 3510 est.
424 3445 598 3512 Festorum
623 3466 700 3512 vero
724 3446 911 3512 nominibus
935 3447 971 3512 ἐν
993 3443 1198 3528 praepositio
1227 3446 1265 3508 ab
1290 3443 1407 3510 Atticis
1431 3443 1499 3510 fere

226 3567 293 3616 non
316 3552 456 3631 additum
481 3555 567 3634 apud
590 3555 649 3620 Ar.
675 3563 764 3619 certe
791 3557 980 3619 constanter
1004 3553 1037 3617 in
1061 3551 1205 3633 simplici
1226 3550 1334 3616 dativo
1355 3549 1500 3630 plerum·

229 3676 291 3740 que
314 3658 386 3724 sine
409 3660 551 3724 articulo
575 3667 752 3743 ponuntur,
788 3667 826 3725 ut
860 3661 1098 3740 Θεσμοφορίοις
1130 3659 1190 3724 Αν.
1228 3660 1324 3737 1519,
1358 3662 1427 3736 τοῖς
1462 3659 1501 3727 Θ.

227 3764 285 3829 Th.
313 3768 386 3842 182,
409 3767 558 3844 Θησείοις
571 3766 619 3834 Pl.
642 3769 715 3843 627,
734 3768 971 3846 Παναθηναίοις
994 3765 1032 3832 Ν.
1058 3767 1130 3832 386.
1158 3769 1232 3834 988.
1252 3766 1290 3833 R.
1312 3768 1408 3850 1090,
1431 3767 1502 3832 Σκί-

228 3893 297 3950 ροις
320 3872 376 3938 Th.
403 3875 479 3939 834.
503 3872 565 3942 Ec.
591 3877 642 3940 18.
674 3878 726 3955 59,
751 3875 909 3953 Στηνίοισι
940 3873 998 3940 Th.
1024 3875 1099 3951 834,
1122 3878 1190 3951 τοῖς
1213 3875 1315 3938 Χουσί
1339 3876 1375 3941 Α.
1403 3873 1499 3939 1211.

228 3977 277 4042 De
301 3980 375 4044 aliis
400 3999 428 4042 ν.
453 3980 511 4045 Κι.
536 3981 562 4059 Ι,
587 3984 640 4056 48,
667 3983 696 4058 2,
725 3988 753 4046 1.
778 3981 944 4048 Kuehner.
967 3981 1010 4058 ΙΙ,
1035 4000 1067 4063 p.
1093 3984 1166 4046 985.
1185 3979 1355 4046 Meisterh.
1374 3999 1405 4060 p,
1425 3983 1500 4058 170,

231 4090 272 4152 24
296 4097 330 4152 et
355 4093 426 4157 187.
452 4090 670 4174 Frohberger.
695 4093 736 4156 ad
761 4091 833 4174 Lys.
860 4098 890 4172 1,
915 4095 957 4155 20
980 4091 1100 4175 (Ant).

273 4194 428 4264 Seorsum
453 4217 538 4280 pono
563 4199 648 4264 bella
671 4201 873 4282 proeliaque.

272 4307 401 4386 paxu:
425 4305 465 4372 Ε.
491 4310 551 4372 571
581 4308 607 4372 εἰ
630 4309 761 4373 πέσοιεν
785 4308 829 4385 εἰς
851 4309 910 4372 τὸν
934 4309 1023 4386 ὠμὸν
1047 4309 1081 4372 ἐν
1105 4308 1185 4389 μάχῃ
1210 4307 1280 4370 τινί.
1306 4307 1369 4369 587
1393 4308 1451 4383 τὴν
1466 4307 1501 4370 έν

231 4416 394 4492 στρατιαῖς
416 4435 449 4479 τε
475 4417 524 4478 καὶ
547 4415 659 4494 μάχαις
682 4415 838 4493 ἡμετέραν
860 4416 1022 4491 ξυνεργόν.

274 4519 310 4587 V.
338 4523 423 4586 1061
450 4520 653 4599 ἄλκιμοι-έν
676 4513 800 4601 μάχαις.
828 4523 911 4586 1077
937 4522 1113 4600 ὠφελῆσον
1136 4522 1172 4585 ἐν
1195 4522 1353 4600 μάχαισιν.
