3298 5368
794 483 994 551 -132-

306 658 345 723 R.
374 661 458 723 1514
481 660 560 722 κατὰ
582 656 882 736 γῆς-ἀποπέμψω.
1524 707 1526 714 .

304 766 341 849 2)
367 763 510 830 Alterius
535 763 786 847 significationis
810 764 947 830 totidem
966 759 1114 843 exempla
1133 763 1220 844 apud
1238 764 1292 828 λι.
1311 761 1542 827 inveniunturt

269 905 271 913 v
307 875 364 937 Ar.
391 876 434 937 26
455 874 535 936 κατὰ
557 877 622 936 τῶν
644 877 769 949 πετρῶν
792 870 1014 949 ἡμᾶς-ἄξεις.
1054 866 1056 872 ’

305 980 341 1045 L.
369 982 451 1044 1259
475 981 745 1056 πολὺς-καττῶν
768 982 894 1044 σκελῶν
918 978 1024 1057 ἀφρὸς
1047 978 1124 1042 ἵετο.

307 1090 339 1168 3)
361 1086 400 1150 Ιιι
423 1086 514 1150 tertii
538 1085 669 1169 generis
694 1085 852 1166 exemplis
875 1083 997 1149 locutio
1019 1083 1309 1166 praepositioualis
1340 1084 1543 1165 plerumque

259 1194 383 1276 pendet
405 1209 444 1256 ex
468 1191 588 1273 verbis,
613 1209 686 1256 eum
711 1193 789 1256 κατά
813 1191 1005 1273 compositis
1029 1191 1088 1275 (a),
1124 1190 1271 1273 exeeptis
1300 1190 1428 1256 duobus
1453 1188 1545 1254 loeis

262 1299 312 1383 (P.
338 1304 412 1364 525.
437 1298 495 1363 Th.
522 1298 589 1381 60),
613 1297 668 1379 qui
692 1302 804 1362 tamen
828 1299 977 1379 corrupti
999 1297 1162 1376 videntur,
1187 1297 1242 1361 ubi
1268 1316 1307 1362 ex
1329 1296 1440 1361 verbis
1459 1296 1545 1361 sirn-
1643 1295 1644 1376 t

261 1406 401 1487 plicibus
425 1421 585 1487 suspensa
608 1408 659 1469 est
680 1403 739 1486 (b),
764 1409 800 1468 et
820 1402 961 1469 formula
985 1407 1063 1470 κατὰ
1085 1407 1192 1484 χειρὸς
1209 1404 1310 1483 ὕδωρ,
1328 1403 1383 1469 ubi
1400 1403 1543 1467 verbum
1633 1437 1644 1462 ι,

263 1517 409 1593 καταχεῖν
434 1509 530 1577 simul
555 1511 688 1575 auditur
712 1512 726 1594 (
746 1511 769 1588 ).
822 1573 824 1578 ,
1291 1593 1293 1598 Ι

307 1620 338 1704 ιι)
362 1619 400 1683 Ε.
431 1622 578 1684 1094-5
603 1619 832 1684 κατασπένδειν
855 1622 933 1683 κατὰ
963 1623 1020 1697 τῆς
1044 1623 1186 1698 κεφαλῆς
1222 1619 1392 1700 ἀρυβάλλῳ
1416 1619 1546 1696 ἀμβρο-

262 1730 335 1794 σίαν
359 1729 437 1792 κατὰ
461 1730 535 1805 σοῦ,
559 1729 637 1791 κατὰ
660 1725 775 1790 τούτου
804 1728 839 1790 δὲ
863 1729 1099 1805 σκοροδάλμην.

305 1832 346 1898 N.
376 1835 435 1895 177
461 1835 540 1896 κατὰ
562 1835 620 1909 τῆς
643 1833 800 1909 τραπέζης
822 1833 1012 1909 καταπάσας
1036 1833 1153 1911 λεπτὴν
1186 1833 1310 1911 τέφραν
1345 1831 1398 1914 (de
1424 1847 1492 1911 quo
1519 1829 1543 1892 l.

264 1933 303 1999 cl.
328 1933 463 1998 Buehm.
486 1952 517 2014 p.
546 1935 632 2014 139).

307 2042 348 2108 V.
373 2045 390 2104 l
417 2044 495 2106 κατὰ
518 2046 587 2106 τοῖν
610 2027 803 2120 propensiori
828 2062 855 2104 τι
879 2045 1058 2121 καταχεῖται
1081 2044 1188 2118 γλυκύ.

307 2147 368 2214 Αν.
393 2151 457 2213 464
482 2152 686 2227 καταχεῖσθαι
711 2151 788 2214 κατὰ
811 2150 917 2228 χειρὸς
941 2149 1038 2227 ὕδωρ.
1064 2150 1127 2212 537
1154 2150 1394 2214 κατεσκέδασαν
1412 2149 1542 2241 ,θερμὸν
1645 2211 1646 2220 ,

264 2261 361 2322 τοῦτο
385 2252 455 2320 καθ’
483 2255 583 2334 ἡμῶν.

305 2363 342 2428 L.
370 2365 430 2424 552
457 2360 584 2444 (ἤνπερ)
604 2362 715 2440 ἵμερον
744 2360 834 2440 ἡμῶν
868 2366 945 2426 κατὰ
979 2367 1043 2427 τῶν
1080 2364 1207 2428 κόλπων
1244 2365 1294 2426 καὶ
1328 2367 1392 2426 τῶν
1427 2367 1545 2442 μηρῶν·

265 2468 478 2549 καταπνεύσῃ.
578 2534 583 2543 ,

305 2575 341 2657 b)
365 2573 400 2637 P.
427 2576 491 2637 525
514 2571 587 2636 οἷον
610 2573 645 2636 δὲ
668 2575 769 2651 πνεῖς,
793 2572 839 2650 ὡς
863 2572 922 2648 ἡδὺ
949 2575 1028 2640 κατὰ
1048 2579 1104 2651 τῆς
1122 2575 1263 2652 καρδίας.
1288 2573 1393 2656 Vulgo
1407 2577 1547 2640 vertunt

266 2683 402 2765 „intimo
427 2680 560 2762 pectore
584 2680 635 2743 vel
666 2682 796 2757 coroe“,
835 2688 872 2746 ut
911 2681 939 2746 si
974 2679 1110 2747 Rossiee
1152 2682 1242 2748 dieas
1285 2701 1456 2762 „inruens
1500 2700 1540 2748 en

264 2791 420 2874 τάρταρά,
445 2788 531 2872 quod
554 2805 661 2869 neque
686 2806 705 2851 u
728 2806 838 2873 sensu,
869 2807 976 2870 neque
1013 2807 1032 2852 a
1065 2790 1279 2872 grenrmotiea
1315 2788 1540 2856 commendari

264 2905 374 2984 potest
395 2895 481 2980 (vide
507 2915 588 2978 quae
611 2895 708 2978 paulo
733 2901 808 2960 ente
833 2896 1095 2978 disputavimus).
1120 2896 1250 2960 Verum
1285 2897 1375 2973 vidit,
1412 2898 1542 2978 opinor.

263 3002 466 3087 Blaydesius‚
492 3001 547 3083 qui
570 2999 603 3063 h.
623 3000 644 3063 l.
662 3001 694 3063 in
711 3002 946 3066 commentario
971 3003 1018 3065 ite
1044 3002 1294 3082 interpretatur:
1320 3019 1361 3082 „o
1386 3001 1484 3082 quale
1509 3007 1543 3062 el

263 3111 359 3197 'quem
385 3127 485 3173 suave
511 3106 617 3188 spiras
641 3106 674 3170 in
697 3112 814 3190 peetus
839 3111 967 3172 meum“
1005 3107 1214 3192 (quamquam
1253 3109 1285 3172 in
1326 3108 1544 3172 annotatione

202 3241 218 3250 ¹·
263 3198 380 3283 critice
404 3234 440 3279 se
464 3213 605 3279 nondum
629 3215 816 3296 repperisse
841 3217 898 3290 ait,
917 3215 993 3310 quill
1018 3231 1058 3279 ea
1076 3214 1176 3278 verba
1195 3211 1389 3296 significent,
1407 3214 1541 3280 vitium·

265 3343 326 3407 que
353 3317 459 3387 latere
483 3323 695 3404 suspicetur).
721 3321 875 3388 Ceterum
901 3323 1106 3386 Hamekerus
1130 3341 1179 3390 vv.
1205 3323 1380 3386 523-526
1397 3321 1543 3386 damnat.

307 3431 365 3497 Th.
391 3435 431 3495 60
457 3433 535 3495 κατὰ
559 3433 616 3494 τοῦ
652 3433 780 3507 θριγκοῦ
815 3431 1037 3507 συγγογγύλας
1072 3430 1122 3493 καὶ
1158 3431 1347 3507 συστρέψας
1382 3433 1469 3494 τουτὶ
1505 3429 1545 3493 ro

263 3541 342 3618 πέος
363 3542 548 3618 χοανεῦσαι,
574 3538 629 3620 qui
653 3538 745 3601 loeus
771 3536 798 3601 sl
824 3537 894 3602 sine
917 3537 996 3601 vitio
1020 3537 1161 3631 traditus
1189 3543 1250 3615 est,
1276 3539 1356 3601 κατά
1378 3538 1546 3604 inusitate

263 3650 425 3727 potestate
451 3660 524 3710 esse
552 3643 603 3726 „in
635 3643 798 3708 interiore
833 3643 901 3708 rei“
940 3661 1075 3710 neeesse
1115 3649 1174 3710 est.
1211 3641 1273 3707 Sed
1312 3663 1342 3708 ν.
1376 3640 1539 3726 Blapdesii

263 3770 336 3817 ann.
363 3769 408 3815 or.
927 3749 930 3758 '

308 3858 339 3941 c)
364 3857 402 3921 V.
430 3860 513 3921 1216
540 3862 574 3921 et
597 3856 649 3920 Fr.
674 3860 738 3920 502
764 3857 851 3934 ὕδωρ
876 3862 954 3922 κατὰ
978 3857 1095 3937 χειρός,
1133 3858 1187 3922 ubi
1214 3861 1417 3937 καταχεῖσθαι
1441 3853 1539 3924 simul

263 3965 370 4030 audiri
395 3983 433 4029 ex
457 3965 515 4032 Av.
543 3967 607 4027 464
640 3969 741 4048 patet.
1213 3993 1216 4000 .

309 4071 344 4154 4)
366 4070 504 4136 Duobus
528 4070 608 4136 loeis
634 4073 712 4136 κατά
739 4090 767 4136 e.
791 4089 863 4153 gen.
888 4071 972 4136 idem
1008 4071 1096 4135 valet
1131 4089 1169 4135 se
1209 4071 1398 4136 Latinorum
1438 4069 1540 4150 „sub“

264 4198 294 4244 e.
317 4177 391 4256 aol.;
415 4191 556 4259 utroque
578 4177 652 4242 loeo
676 4178 880 4259 praepositio
906 4176 1058 4242 adiuncta
1082 4183 1133 4242 est
1155 4179 1257 4242 verbo
1291 4183 1329 4256 γῆ
1370 4176 1481 4263 (γαῖα),
1505 4180 1540 4240 ut

262 4285 362 4372 etiarn
390 4284 475 4364 apud
499 4285 591 4349 elios
607 4283 787 4367 scriptores
810 4283 1005 4368 plerumque
1029 4301 1101 4348 oum
1126 4283 1177 4349 his
1202 4283 1311 4350 tribus
1331 4283 1541 4368 coniungitur

264 4391 428 4475 genetiuis
452 4395 520 4471 γῆς,
545 4390 674 4472 χθονός,
700 4394 870 4471 θαλάσσης
895 4392 937 4476 (ν.
963 4373 1158 4458 Τλιοιιιιιοολι.
1180 4410 1213 4474 p.
1243 4396 1280 4455 12
1307 4391 1381 4476 sq.).
1469 4461 1471 4468 ,

261 4483 268 4504 ¹
291 4497 347 4563 ll.
376 4501 437 4563 188
462 4501 696 4577 ζητοῦσιν-τὰ
720 4501 798 4563 κατὰ
821 4504 891 4580 γῆς,
918 4499 1005 4580 quod
1028 4499 1112 4563 nihil
1147 4496 1280 4566 differre
1320 4497 1360 4562 ab
1395 4499 1459 4566 ὑπὸ
1482 4499 1539 4575 γῆς

200 4675 208 4700 ,
262 4604 532 4687 luculentissime
557 4611 693 4688 apparet
719 4623 735 4668 e
758 4605 906 4683 Plutone,
932 4608 997 4687 qui.
1024 4624 1095 4669 cunr
1120 4603 1160 4668 de
1187 4606 1302 4669 eadem
1327 4623 1363 4669 re
1388 4606 1421 4669 in
1448 4601 1537 4686 Apol.

268 4717 307 4780 19
333 4712 359 4778 Β
386 4718 507 4797 ageret,
533 4713 624 4778 dixit:
649 4718 753 4793 Ζητῶν
776 4716 814 4779 τά
838 4735 870 4778 τε
895 4715 956 4778 ὑπὸ
981 4719 1040 4792 γῆς
1065 4715 1114 4799 κα)
1138 4711 1283 4790 οὐράνια.
