3326 5372
639 481 836 543 -199-

146 649 425 725 μανθάνεινι
449 645 490 710 N.
515 645 666 712 aaa-9
701 649 772 725 περί
808 648 931 725 μέτρων
960 646 1271 726 ἢρυθμώνῆπερὶ
1293 645 1380 710 ἐπῶν

98 751 231 836 (βούλει
254 755 449 836 μανθάνειν);
463 756 589 832 *περὶ
612 755 743 832 μέτρων.
775 757 839 818 647
864 755 1035 833 μανθάνειν
1056 757 1127 832 περὶ
1152 753 1290 832 ῥυθμῶν.
1314 754 1374 816 681

96 863 174 939 περὶ
197 863 267 925 τῶν
290 859 460 939 ὀνομάτων
482 865 602 938 μαθεῖν.

142 965 185 1032 Β.
215 969 300 1032 1928
324 969 395 1046 περὶ
418 968 506 1047 νίκης
528 989 557 1032 τι
581 969 691 1045 μαθὼν
713 969 801 1046 παρὰ
823 967 964 1044 Δαρείου
987 971 1173 1044 τεθνεῶτος,
1198 966 1238 1031 de
1263 983 1327 1048 quo
1350 983 1380 1031 ν.

98 1091 205 1155 supra
241 1093 274 1156 p.
301 1077 376 1139 191.
684 1069 687 1076 ’

143 1182 334 1259 γνώμην
367 1180 517 1260 (ἔχειν,
556 1179 720 1258 εἰπεῖν,
758 1181 1034 1262 προθεῖναι)τ
1069 1178 1109 1243 Ε.
1148 1182 1210 1243 931
1252 1181 1382 1258 γνώμην

97 1287 190 1364 ἐρεῖν
218 1287 374 1365 μέλλοντα
396 1289 467 1365 περί
493 1287 671 1365 Μιλησίων.
707 1323 709 1332 ·

144 1392 186 1456 Β»
215 1395 301 1458 1422
325 1395 396 1471 περὶ
419 1391 619 1472 Ἀλκιβιάδου
641 1393 699 1458 τίν’
723 1394 832 1473 ἔχετον
855 1395 996 1476 γνώμην;
1022 1395 1107 1458 1424
1123 1395 1302 1474 ἔχει-περὶ
1325 1393 1383 1458 αύ-

98 1500 159 1562 τοῦ
183 1498 258 1563 τίνα
279 1500 419 1578 γνώμην;
447 1501 530 1563 1436
554 1497 860 1579 γνώμην-εἴπατον
882 1501 953 1578 περί
979 1504 1038 1578 τῆς
1059 1501 1196 1577 πόλεως.

145 1601 208 1669 Eo.
236 1607 300 1668 396
323 1606 394 1682 περὶ
417 1606 579 1684 σωτηρίας
601 1606 730 1684 γνώμας
751 1608 917 1683 προθεῖναι
937 1609 996 1683 τῆς
1018 1606 1156 1684 πόλεως.

145 1712 326 1788 δεῖσαι,
360 1713 580 1777 δεθιέναιε
618 1709 660 1773 V,
695 1715 780 1779 1358
816 1711 902 1778 ταῦτ’
933 1709 992 1776 οὖν
1015 1713 1086 1790 περί
1110 1733 1171 1791 μου
1194 1714 1317 1778 δέδοικε
1340 1712 1381 1790 μὴ

103 1820 291 1895 διαφθαρῶ.

146 1921 211 1988 Εο.
238 1925 303 1988 588
326 1925 499 2003 περῖ-ταύ
524 1927 733 2002 καινοτομεῖν.
745 1926 786 2003 μὴ
810 1926 931 2008 δείσῃς.

146 2029 200 2094 Pl
234 2035 296 2096 199
322 2033 356 2096 ἓν
380 2032 480 2110 μόνον
504 2033 799 2112 δέδοικα-φράζε,
827 2036 883 2096 τοῦ
906 2033 987 2110 πέρι.

146 2136 229 2203 Euo
252 2138 335 2204 adde
358 2140 565 2216 θαρρεῖνι
597 2137 656 2202 Eo.
682 2139 743 2202 621
778 2141 850 2217 περὶ
884 2142 947 2204 σού
982 2139 1092 2217 θάρρει
1129 2139 1192 2220 „de
1225 2145 1258 2204 te
1295 2137 1380 2204 bono

103 2243 217 2310 animo
244 2245 349 2310 esto'.

106 2393 111 2400 ·
145 2349 253 2434 Apud
275 2352 388 2416 eadem
412 2351 512 2417 verba
534 2351 672 2416 timendi
693 2353 764 2430 περί
788 2371 816 2417 ο.
840 2352 905 2416 dat
929 2368 1059 2434 quoque
1083 2353 1230 2433 ponitur,
1250 2353 1290 2418 de
1316 2372 1380 2436 quo

101 2478 131 2524 ν.
156 2455 259 2532 inira,
283 2475 348 2521 non
371 2473 499 2538 magno,
523 2463 561 2521 ut
582 2457 722 2532 videtur,
747 2476 866 2524 sensus
897 2457 1101 2522 discrimine:
1136 2477 1212 2522 nam
1247 2458 1318 2538 περί
1353 2475 1381 2522 o.

103 2584 177 2648 gen.
202 2565 292 2648 apud
315 2563 398 2631 haee
421 2565 521 2630 rerba
541 2571 657 2632 nostro
685 2565 849 2648 „nomnen
875 2583 918 2630 aa
941 2583 1045 2632 onera
1074 2584 1164 2646 sero,
1188 2585 1230 2632 no
1254 2585 1379 2652 noaony

1 2733 2 2736 ,
104 2676 209 2738 nero“
234 2672 429 2754 plerumque
452 2673 638 2756 respondet,
662 2676 733 2752 περί
757 2691 785 2739 o.
809 2674 875 2739 dat.
892 2679 1006 2740 nostro
1023 2673 1190 2753 „ooaraoa
1224 2693 1260 2740 aa
1286 2679 1377 2745 uro“.

105 2779 153 2848 of.
176 2779 331 2844 Passorii
356 2777 433 2844 Lex.
456 2779 499 2859 ΙΙ,
527 2786 554 2858 1,
578 2799 609 2861 p.
635 2782 711 2844 822.

149 2885 226 2950 Jarn
253 2892 433 2967 sequuntur
457 2886 576 2968 reliqui
601 2888 675 2953 loci.

149 2995 188 3062 A.
216 2996 281 3056 546
308 2993 449 3072 θορύβου
472 3000 686 3073 στρατιωτῶν,
709 2996 780 3073 περί
802 2994 993 3073 τριηράρχου
1031 2999 1120 3074 βοῆς,
1156 2994 1244 3076 quod
1279 2993 1381 3060 schol.

105 3099 359 3182 interpretatur:
383 3101 525 3180 θορύβου
560 3104 713 3181 βοώντων
743 3103 815 3179 περὶ
848 3103 905 3165 τού
943 3103 1010 3165 δεῖν
1044 3101 1255 3181 τριηράρχους
1292 3101 1382 3167 εἶναι.

106 3206 199 3273 Hane
225 3205 481 3287 explicationem
504 3207 674 3291 impugnat
696 3207 886 3272 Muellerus.
913 3206 1045 3286 „Recte
1079 3207 1198 3289 inquit,
1234 3205 1261 3273 sl
1283 3207 1383 3274 trire-

105 3313 207 3378 mium
233 3311 393 3394 praelecti
417 3313 512 3379 initio
536 3314 667 3380 demum
691 3313 769 3380 belli
793 3313 890 3380 electi
916 3318 1036 3392 essent,
1073 3312 1130 3378 sed
1165 3313 1231 3379 illis
1254 3318 1383 3395 tempo·

1 3447 2 3452 1
105 3419 199 3484 ribus
222 3417 383 3500 praefecti
407 3420 543 3485 ineunte
566 3439 648 3486 anno
672 3421 876 3502 eligebantur
898 3415 971 3507 (Th.
985 3419 1028 3497 ll,
1041 3421 1093 3484 24.
1117 3419 1238 3484 Βύοῖιῖι.
1257 3419 1384 3486 Staats·

106 3523 224 3591 hanah.
261 3525 285 3601 l,
320 3543 352 3607 p.
378 3526 467 3609 700);
491 3525 678 3610 significant
699 3527 782 3592 haee
804 3526 903 3592 verba
935 3525 1046 3608 potius
1082 3527 1260 3591 clamorem
1294 3528 1384 3591 eirea

107 3630 295 3711 praefectos
321 3631 496 3712 sublatum,
520 3635 575 3715 qui
600 3634 776 3716 stipendia,
808 3651 827 3696 a
861 3631 1070 3714 praetoribus
1106 3639 1252 3715 accepta,
1277 3634 1383 3699 solve·

108 3736 197 3802 bant.
219 3736 342 3802 Booklr.
367 3738 387 3806 l.
412 3738 433 3802 l.
458 3739 484 3812 Ι,
516 3744 590 3810 106.
627 3742 806 3823 Aptissima
842 3739 992 3821 sequitur
1026 3743 1141 3816 μισθοῦ
1181 3741 1382 3820 διδομένου“.

110 3843 213 3910 Recte
236 3845 287 3908 vir
311 3845 522 3912 doctissimus
545 3854 692 3914 veterem
723 3847 1035 3929 interpretationem
1069 3845 1247 3928 impugnat
1283 3863 1380 3927 quam

1 4041 2 4052 ἵ
110 3955 220 4016 autem
245 3952 317 4032 ipae
341 3953 498 4032 proponit
521 3952 571 4035 (ut
592 3957 663 4033 περί
688 3955 819 4036 „oiroa“
843 3948 1006 4034 τούτων,
1033 3950 1283 4035 haudquaquam
1307 3971 1382 4034 pro·

109 4054 182 4120 bari
205 4063 325 4140 potest:
350 4076 423 4122 nam
449 4059 567 4126 localis
590 4081 673 4128 usus
704 4063 774 4139 περί
807 4057 1075 4143 praepositionis,
1109 4075 1182 4125 oum
1208 4079 1281 4143 gen.
1306 4078 1383 4127 eon·

110 4161 254 4243 iunctae,
278 4165 430 4248 poeticus
465 4173 563 4250 atque
599 4171 791 4235 rarissimus
815 4175 867 4234 est
890 4165 945 4250 (el.
980 4165 1076 4231 Thes.
1104 4187 1134 4231 v.
1157 4165 1217 4253 Vl,
1249 4187 1281 4250 p,
1307 4171 1381 4232 770.

112 4267 240 4337 Kuehn.
264 4271 308 4350 11,
332 4293 363 4354 p.
382 4274 472 4357 426).
489 4275 603 4358 ltaque
628 4282 685 4341 aut
707 4276 771 4340 alia
794 4275 879 4341 ratio
903 4275 1139 4355 interpretandi
1162 4275 1304 4340 ineunda
1320 4281 1381 4351 est,

114 4449 321 4463 a

149 4535 258 4592 *Idem
286 4546 378 4594 censet
406 4541 525 4597 Merrius
545 4547 573 4596 et
591 4537 808 4608 Vogelreuterus
825 4543 864 4611 lp.
882 4544 935 4614 49),
955 4543 1001 4614 qui
1020 4543 1073 4600 huo
1092 4541 1176 4596 refert
1193 4541 1274 4596 etiam
1295 4543 1329 4596 A.
1348 4543 1383 4596 25

114 4619 274 4680 ώατῖῖεοθαι
292 4632 353 4694 περί
371 4633 422 4682 τού
441 4632 557 4698 πρώτου
576 4630 666 4683 ξύῖου.
