3326 5372
778 442 978 506 —216-

294 608 332 672 R.
358 613 421 674 349
447 608 933 687 ἀποοείονται-λύπας-ίεράς
969 607 1031 672 ὑπὸ
1065 610 1154 686 τιμάς
1193 610 1347 689 ,propter
1373 609 1524 672 sanctum

252 732 369 780 munus
399 716 526 780 suum“.
938 728 942 762 ¹
1303 721 1305 732 '

294 821 342 887 Pl.
370 824 453 886 1005
478 824 540 888 ὑπὸ
566 827 623 901 τῆς
645 823 755 900 πενίας
779 819 890 891 ἅπαντ’
916 821 1096 900 drideret.

294 927 347 992 Fr.
373 929 436 992 618
460 929 522 993 ὑπὸ
546 930 603 992 τοῦ
627 929 767 1006 γέλωτος
791 927 836 1005 εἰς
863 928 958 992 Γέλαν
983 926 1143 1006 ἀφίξομαι.

294 1033 351 1116 bb)
377 1032 485 1100 Causa
518 1033 698 1116 impediens
732 1053 801 1098 rem
830 1030 1000 1116 significat,
1034 1051 1098 1114 qua
1122 1032 1246 1115 aliquid
1270 1034 1444 1115 quominus
1466 1032 1530 1100 fiat

252 1140 405 1222 impediri
425 1141 554 1216 dicitur,
578 1140 611 1205 id
634 1140 719 1222 quod
742 1140 856 1206 Latine
882 1141 1003 1221 „prae“
1021 1139 1185 1220 particula
1208 1140 1409 1222 designatur,

294 1248 334 1312 Ε.
348 1251 412 1314 803
426 1246 505 1330 (ἵνα)
521 1245 686 1327 ὁ-δῆμος
701 1247 764 1313 ὑπὸ
783 1251 839 1311 τοῦ
854 1247 995 1326 πολέμου
1014 1249 1063 1310 καὶ
1080 1251 1137 1326 τῆς
1154 1245 1371 1328 ὁμίχλης-μὴ
1390 1253 1530 1332 καθορᾷ.
1651 1323 1652 1328 ¹

295 1355 333 1424 N.
359 1359 422 1420 855
448 1357 707 1435 ἐπελανθανόμην
731 1357 878 1421 άν-ὑπὸ
902 1355 1046 1434 πλήθους
1071 1355 1161 1421 ἐτῶν.
1206 1366 1208 1374 “

295 1460 334 1526 V.
361 1465 446 1526 1084
470 1464 643 1528 ὑπὸ-τῶν
666 1463 868 1541 τοξευμάτων
891 1459 952 1525 οὐκ
975 1459 1015 1538 ἠν
1038 1461 1116 1527 ἰδεῖν
1141 1462 1197 1526 τὸν
1222 1459 1529 1540 occultantem.

252 1569 348 1635 Tusc.
372 1570 402 1634 d.
431 1575 457 1647 1,
482 1571 534 1646 42,
564 1573 622 1634 101
649 1568 751 1634 solem
775 1586 855 1650 prae
885 1567 1070 1632 iaculorum
1097 1567 1307 1636 multitudine
1331 1573 1368 1634 et
1389 1567 1530 1650 sagitta·

252 1696 324 1741 rum
349 1695 412 1742 non
440 1675 602 1742 videbitis.

294 1781 353 1846 Αν.
379 1783 442 1846 296
466 1777 535 1846 οὐδ’
559 1780 750 1846 ἰδεῖν-ἔσθ’
773 1780 825 1846 ὑπ’
851 1781 957 1846 αὐτῶν
980 1781 1165 1860 πετομένων
1195 1783 1252 1859 τὴν
1277 1781 1528 1850 duodecimi)

217 1945 221 1952 ,
251 1889 542 1966 Προξενίδης-καὶ
559 1885 812 1967 Θεογένης-δύ’
830 1888 1056 1969 άοματε-ὑπό
1079 1891 1135 1953 τοθ
1159 1888 1299 1966 πλάτους
1324 1887 1364 1952 ἂν
1388 1891 1531 1966 παρελα-

254 1995 366 2072 σαίτην
393 1993 507 2076 „Pron
534 2000 564 2060 et
588 1995 645 2062 Th.
669 1995 841 2060 latitudine
867 1995 1017 2060 sinantur
1045 1993 1097 2060 vel
1120 2011 1185 2058 non
1210 1993 1431 2076 impediantur
1456 1993 1528 2076 agi-

182 2169 184 2180 ,
255 2105 325 2166 tare
354 2102 502 2166 currus“.

295 2208 330 2272 L.
357 2212 387 2272 3.
413 2207 484 2272 οὐδ’
509 2209 547 2274 ἂν
571 2213 705 2276 διελθεῖν
732 2208 772 2286 ἦν
808 2209 846 2273 ἂν
881 2211 943 2274 ὑπὸ
967 2211 1033 2272 τῶν
1055 2208 1237 2287 τυμπάνων.
1268 2210 1331 2272 328
1366 2207 1532 2286 ἐμπλησα-

257 2317 333 2396 μένη
358 2318 414 2395 τήν
438 2318 548 2395 ὑδρίαν
571 2315 758 2396 μόλις-ὑπ’
781 2317 877 2396 ὄχλου
901 2318 952 2380 καὶ
976 2315 1115 2395 θορύβου
1142 2318 1192 2380 καὶ
1209 2317 1353 2392 πατάγου
1370 2315 1530 2394 χυτρείου.

295 2422 343 2485 Pl.
370 2425 433 2486 538
455 2421 900 2502 φθειρῶν-ἀμιθμὸν-οὐθὲ
924 2424 1006 2500 λέγω
1031 2438 1084 2486 σοι
1107 2423 1170 2488 ὑπὸ
1195 2426 1251 2486 τοῦ
1273 2423 1427 2500 πλήθους.

296 2529 330 2612 b)
354 2529 455 2594 Utin
481 2547 580 2594 causa
604 2529 797 2606 adventicia,
824 2530 870 2594 ita
893 2529 924 2594 in
952 2547 1051 2594 causa
1074 2529 1181 2594 iocata
1205 2529 1267 2594 duo
1298 2529 1449 2595 discerno
1474 2547 1533 2610 ge·

254 2654 343 2701 nera:
380 2655 511 2702 causam
545 2634 744 2701 efficientem
770 2636 837 2718 (aa)
863 2642 1053 2701 etecusam
1089 2637 1319 2718 impedientem
1345 2636 1424 2718 (bb);
1450 2654 1532 2717 qua·

252 2763 325 2808 rum
350 2744 440 2825 illam
464 2762 579 2808 rursus
595 2742 637 2826 in
661 2743 741 2807 duas
765 2747 876 2824 partes
901 2742 1024 2818 divido,
1042 2743 1088 2807 ita
1113 2748 1149 2807 ut
1173 2744 1277 2808 altera
1294 2743 1443 2825 corporis
1462 2749 1531 2808 sta-

253 2856 323 2916 tum
360 2853 499 2933 aliquem
537 2852 822 2933 conditionemque
846 2851 893 2935 (a)
917 2851 1027 2933 aliquo
1057 2850 1157 2916 animi
1181 2849 1300 2916 affectu
1331 2849 1403 2916 fieri
1427 2851 1531 2934 signi-

255 2956 502 3032 ficetur·‚altera
526 2957 686 3022 actionem
700 2959 759 3041 (β).
785 2958 938 3023 Ceterum
965 2976 1095 3022 causam
1119 2957 1252 3024 insitam
1269 2957 1334 3022 nisi
1352 2956 1531 3022 abstractis

256 3065 443 3130 nominibus
479 3071 536 3128 aut
571 3061 740 3152 infinitivis
778 3065 915 3146 exprimi
950 3081 1014 3128 non
1050 3083 1147 3146 posse
1171 3081 1232 3146 per
1255 3081 1291 3130 se
1314 3063 1530 3146 intellegitur:

255 3191 329 3236 nam
355 3191 394 3236 ea
419 3189 518 3236 causa
541 3172 574 3235 in
599 3171 706 3237 animo
732 3173 796 3252 sita
820 3189 894 3236 esse
917 3168 1060 3252 fingitur,
1081 3172 1173 3238 cuius
1196 3171 1326 3253 generis
1351 3176 1402 3236 est
1419 3169 1532 3248 timor,

254 3279 418 3361 gaudium,
441 3278 492 3344 ira
514 3279 571 3344 alii
596 3277 742 3344 affectus.

300 3405 350 3449 aa.
375 3385 408 3469 α)
433 3385 471 3450 E.
499 3390 560 3451 719
586 3388 648 3452 ὑπό
672 3409 707 3463 γε
731 3387 909 3464 δεξιότητος
932 3390 989 3463 τῆς
1014 3385 1090 3465 ἐμῆς
1115 3385 1249 3464 δύναμαι
1269 3388 1371 3450 ποιεῖν
1394 3387 1452 3450 τὸν
1475 3391 1532 3464 δίγ-

257 3514 317 3573 μον
341 3493 437 3571 εὐρὺν
462 3498 512 3559 καὶ
537 3493 742 3570 στενόν,,υθί
767 3493 867 3559 verba
892 3493 953 3558 ὑπὸ
985 3497 1048 3560 οεξ.
1073 3491 1113 3555 ad
1137 3491 1271 3570 δύναμαι
1307 3493 1412 3559 solum
1447 3491 1532 3558 ref-

257 3599 356 3666 rcnda
379 3606 468 3678 puto,
494 3607 529 3666 ut
555 3602 609 3666 ait:
635 3619 714 3682 „per
739 3600 919 3665 sollertiam
953 3599 1034 3667 mihi
1064 3599 1162 3664 licet“
1187 3599 1239 3664 vel
1263 3598 1434 3680 „sollertia
1457 3618 1532 3666 mea

255 3706 393 3772 facultas
421 3706 500 3770 mihi
525 3708 600 3772 data
625 3710 707 3772 cst“.
1439 3771 1441 3776 .

299 3815 348 3880 Pl.
376 3817 461 3880 1034
484 3817 547 3881 ὑπὸ
571 3815 793 3893 τοῦ-άλγους
818 3815 1012 3893 κατατέτηκα
1040 3831 1206 3894 „nraeroro
1243 3812 1430 3891 contabui“‚
1454 3812 1475 3876 i.
1501 3833 1530 3878 e.

258 3939 428 4002 „maerore
453 3921 574 3986 lactum
600 3927 660 4001 est,
685 3927 721 3986 ut
744 3923 818 3988 tabe
843 3923 1028 3988 absumar“.

301 4027 331 4112 β)
355 4031 439 4094 ὑπὸ
463 4033 542 4094 τοθ
567 4031 705 4107 δέους
733 4029 872 4110 „timore
896 4027 1124 4110 perterritus“:
1154 4027 1191 4092 A.
1219 4031 1281 4092 350
1306 4029 1368 4093 ὑπὸ
1392 4050 1418 4092 τ.
1444 4032 1530 4092 δ.-

255 4135 445 4214 ένετίλησεν.
461 4140 521 4202 581
548 4137 611 4204 ὑπὸ
635 4159 662 4204 τ.
684 4141 822 4210 ο-τθιν
848 4135 959 4201 ὅπλων
987 4133 1130 4211 εἰλιγγιῶ.
1146 4131 1206 4216 (Os.
1220 4132 1304 4198 inira
1321 4134 1372 4200 bb.
1386 4131 1424 4197 Ε.
1440 4133 1529 4212 231).

299 4243 335 4306 Ρ.
361 4246 424 4307 933
450 4244 530 4326 (ἵνα)
555 4245 616 4310 ὑπὸ
640 4267 667 4312 τ.
692 4249 720 4310 δ.
745 4247 874 4321 λέγωσι.

299 4350 357 4415 Αν.
384 4353 425 4415 87
450 4352 495 4430 χώ
521 4352 648 4429 κολοιός
671 4351 811 4430 μοῖχεται
836 4351 897 4416 ὑπὸ
921 4372 950 4413 τ.
976 4354 1004 4412 ο.

298 4455 357 4522 Εο.
384 4460 467 4520 1062
493 4459 590 4523 αὐτοῦ
613 4481 640 4523 τι
664 4462 791 4536 δρῶντα
822 4458 1054 4536 πυρρὸν-ὓπὸ
1078 4479 1104 4519 τ.
1130 4461 1158 4518 o.
