3298 5368
659 499 856 560 -143-

104 667 203 732 ξόλα.
233 669 299 733 408
322 669 343 751 ᾗ
367 667 418 733 ἐπὶ
440 667 529 734 ξύλα.
554 669 629 742 ool,
658 669 672 728 l
700 665 930 746 βαδίῑειν-ἐπὶ
952 667 1010 731 τόν
1032 667 1206 746 δεσπότην,
1232 667 1286 732 ubi
1311 667 1398 733 Koo-

104 775 190 842 kius
218 780 367 840 annotat:
394 777 505 854 „recte
526 773 577 838 ἐπί
601 772 688 857 [nam
713 773 836 838 inuno
861 773 975 839 codice
999 775 1081 854 πρός
1104 771 1251 858 legitur]:
1271 775 1399 841 videtur

100 881 200 948 enirn
229 899 347 948 servus
371 880 472 964 loqui,
497 879 555 963 qui
578 897 670 945 erum
691 899 710 944 a
731 879 881 946 convivio
898 879 1025 947 alienae
1042 880 1129 946 domi
1141 879 1252 948 habito
1266 883 1398 947 domum

104 988 286 1055 deducere
310 991 436 1072 parat·
464 991 541 1067 545,
567 994 580 1052 l
608 989 659 1053 ἐπὶ
682 987 807 1066 τοῦψον
829 987 886 1065 ἧκε
913 987 972 1069 „nd
997 989 1167 1055 obsonium
1192 989 1399 1054 emendunn‘.

154 1095 194 1179 8)
224 1093 386 1161 Similiter
408 1095 443 1160 in
467 1113 507 1159 eo
530 1113 603 1172 usu,
628 1093 668 1158 de
693 1111 756 1176 quo
779 1094 842 1158 iam
869 1099 1004 1160 acturus
1040 1113 1122 1174 sum,
1160 1095 1276 1160 localis
1305 1095 1398 1160 notio

104 1203 309 1268 arctissime
334 1221 406 1267 cum
430 1201 521 1267 linall
546 1199 682 1267 confusa
703 1206 765 1268 est.
789 1199 884 1267 Solet
907 1201 994 1266 enim
1017 1202 1079 1278 ἐπί,
1119 1219 1160 1266 ex
1195 1201 1304 1267 verbis
1328 1219 1397 1266 mo·

104 1310 219 1376 rendi
243 1315 278 1374 et
300 1309 459 1374 invitandi
483 1325 691 1390 suspensum,
715 1306 902 1373 nominibus
925 1307 1069 1391 adiungi,
1104 1307 1219 1373 ludum
1252 1313 1288 1373 et
1323 1324 1400 1392 ope·

105 1435 200 1498 ram,
228 1416 270 1481 ad
289 1400 392 1513 poam
416 1416 488 1499 quis
512 1413 653 1491 aceedit,
678 1413 948 1498 significantibus.
972 1413 1098 1480 Eodem
1123 1433 1232 1494 sensu,
1245 1415 1336 1480 nullo
1360 1419 1399 1479 ut

105 1525 251 1590 videtur
274 1523 464 1589 discrimine
488 1523 540 1607 (cl.
567 1521 608 1585 V.
634 1521 802 1605 1005),εἰς
823 1539 953 1603 quoque
969 1520 1101 1603 dicitur,
1118 1527 1270 1605 utsupra
1291 1528 1401 1587 osten·

106 1630 232 1696 dimus
253 1630 298 1712 (p.
326 1631 389 1713 56),
413 1635 447 1696 et
468 1630 552 1709 πρός
575 1627 630 1712 (cf.
654 1626 713 1695 Ele.
731 1629 843 1713 1149).
860 1627 897 1693 In
915 1645 979 1711 quo
995 1645 1116 1712 genere
1134 1629 1401 1722 frequentissimo

109 1743 171 1803 est
200 1735 304 1802 dictio

163 1845 247 1910 ἐπὶ
270 1843 302 1926 (τ
313 1845 348 1924 ό)
370 1847 579 1909 δεῖπνονε
605 1842 643 1906 A.
669 1843 734 1907 988
758 1843 932 1921 ἐπτέρωταί
953 1838 981 1907 τ’
1006 1841 1055 1907 en
1076 1843 1114 1907 τό
1138 1845 1281 1907 δεῖπνον.
1299 1841 1350 1906 Ita
1367 1844 1401 1908 in

112 1951 204 2015 Rsv.
228 1950 293 2034 legi
317 1953 472 2015 auctores
496 1953 572 2015 sunt
595 1948 760 2016 Zacherua
783 1951 829 2033 (p.
868 1949 945 2033 536)
979 1954 1013 2015 et
1045 1947 1287 2015 Herwerdenus
1324 1947 1399 2032 (Ex.

111 2056 207 2124 Crit.
230 2075 262 2138 p.
285 2055 374 2140 VII),
397 2075 491 2141 quem
517 2057 662 2136 ὲπτέρται
685 2055 807 2122 litteris
837 2075 941 2140 prope
975 2055 1122 2123 evanidis
1158 2055 1204 2120 ibi
1239 2053 1399 2140 scriptum

114 2165 290 2232 invenisse
314 2165 363 2229 eit
386 2163 589 2247 Bloydesius.
613 2159 722 2247 Vulgo
737 2168 854 2245 putant
869 2163 901 2229 in
919 2163 998 2230 Rav.
1015 2165 1065 2229 ταί
1083 2160 1110 2228 τ’
1130 2169 1300 2230 exaratum
1317 2183 1399 2243 esse,

115 2274 212 2340 unde
237 2271 430 2338 Meinelreus
453 2271 587 2353 aliique,
610 2270 729 2336 lacuno
750 2271 904 2354 indicata,
929 2273 1011 2338 ...ταί
1033 2267 1060 2336 τ’
1075 2267 1268 2338 ediderunt.
1293 2267 1402 2339 Ἐπιέ-

116 2401 225 2460 ρωται
248 2380 347 2444 etiam
372 2379 496 2444 scholio
520 2378 630 2460 eliqua
652 2397 692 2444 ex
714 2383 808 2461 parte
832 2377 1055 2445 confirmatur:
1079 2379 1118 2443 τὰ
1141 2375 1170 2442 δ’
1194 2379 1245 2442 ἐπὶ
1272 2380 1309 2444 τό
1337 2384 1401 2445 δεῖ·

116 2503 220 2553 πνονε
245 2487 367 2563 ἐπείγει,
392 2487 553 2553 σπεύδει...
577 2485 597 2550 ὁ
620 2489 656 2550 δὲ
679 2486 788 2565 λόγος,
812 2487 1017 2564 Δικαιόπολις
1050 2485 1224 2551 σπουδάζει
1257 2489 1329 2564 περὶ
1363 2490 1402 2552 τό

118 2598 403 2659 δεῖπνον-1085
427 2596 478 2661 ἐπὶ
501 2599 528 2659 δ.
540 2595 693 2673 -βάδιζε,
1146 2611 1149 2622 ’

166 2699 210 2765 V.
236 2704 322 2765 1005
347 2701 532 2778 ἄγων-ἐπὶ
555 2705 695 2777 δεῖπνον,
720 2701 765 2779 είς
788 2701 974 2780 ξυμπόσιον,
998 2699 1048 2763 ἐπὶ
1070 2699 1216 2778 θεωρίαν.
1242 2701 1328 2764 1250
1352 2700 1402 2765 ἐπὶ

119 2809 282 2888 δ.-ἴμεν.

168 2913 208 2979 Ρ.
235 2918 319 2978 1192
345 2915 395 2979 ἐπὶ
417 2919 446 3004 δ.
471 2913 541 2993 ἦλθ’
566 2915 610 2992 εἰς
633 2916 710 2993 τοὺς
732 2915 866 2993 γάμους.
894 2916 977 2978 1208
1001 2914 1099 2979 εἴσιτε
1122 2913 1172 2978 ἐπὶ
1196 2917 1225 2978 δ.

169 3019 232 3084 Ec.
258 3021 321 3085 652
345 3024 462 3101 χωρεῖν
484 3021 535 3086 ἐπὶ
557 3025 586 3086 δ.
611 3023 674 3084 856
698 3023 755 3086 ποί
778 3024 880 3100 βαδιεῖ
913 3021 1085 3097 σός-ἐπὶ
1119 3024 1148 3085 δ.
1188 3017 1274 3084 1128
1297 3021 1348 3086 ἐπὶ
1370 3025 1399 3084 δ.

124 3127 262 3207 ἔρχεται.
290 3129 373 3191 1185
397 3128 448 3192 ἐπὶ
469 3129 506 3192 τὸ
530 3132 559 3191 δ.
584 3129 724 3207 ἔρχομαι.
752 3129 836 3193 1165
861 3128 910 3193 ἐπὶ
932 3129 969 3192 τό
993 3132 1021 3193 δ.
1047 3127 1265 3194 ὑπαποκινεῖν.

170 3235 226 3300 Fr.
252 3236 327 3310 675,
352 3237 370 3298 2
396 3236 446 3300 ἐπὶ
467 3235 505 3299 τὸ
530 3237 696 3299 δ.-καλεῖ
718 3255 765 3314 με.

171 3339 266 3406 Aliae
289 3339 487 3404 locutiones:

171 3449 211 3513 Α.
237 3449 322 3511 1143
345 3447 392 3512 ἴτε
415 3447 466 3512 ἐπὶ
489 3445 641 3524 στρατιάν
664 3446 726 3527 „od
751 3444 936 3510 militiam“.

171 3554 211 3618 V.
238 3555 323 3619 1005
348 3573 375 3618 ν.
403 3570 514 3635 sopra.
595 3543 604 3564 ’

171 3663 231 3725 Ar.
257 3661 320 3726 292
344 3661 364 3739 ἢ
388 3656 433 3726 ’πὶ
456 3662 514 3726 τόν
537 3661 669 3726 δίαυλον
689 3649 803 3738 ἦλθον,
828 3659 914 3742 quod
938 3666 973 3724 et
999 3657 1163 3739 „diaulum
1181 3659 1330 3724 cursurl“
1358 3659 1402 3724 sl·

128 3765 284 3852 gnillcore
308 3773 426 3850 potest,
451 3772 485 3831 et
510 3765 674 3847 „diaulum
700 3765 913 3848 spectaturi“‚
939 3770 1037 3848 prout
1072 3783 1103 3829 v.
1127 3766 1276 3846 λόφωσις
1313 3766 1348 3832 ία
1371 3785 1402 3831 r.

130 3879 191 3941 291
218 3875 457 3957 intellegamus.
482 3873 519 3938 V.
543 3874 649 3953 λόφος
671 3875 759 3940 enirn
783 3878 817 3940 et
841 3873 956 3938 collem
974 3869 1140 3956 significat
1163 3873 1258 3956 (299)
1282 3879 1315 3936 et
1339 3871 1403 3938 cri-

130 3993 214 4048 stam
240 3981 344 4065 (290).
367 3979 452 4045 Hinc
474 3981 624 4060 λόφωσις
648 3997 778 4064 quoque
801 3978 924 4063 duplici
949 3978 1078 4045 ratione
1107 3978 1258 4066 intellegi
1281 3983 1403 4061 potest:
1427 4008 1433 4020 ·

130 4094 187 4154 aut
210 4085 303 4153 collis
333 4086 515 4169 occupatio,
540 4091 598 4151 aut
622 4087 808 4167 cristatum,
834 4087 955 4152 cristae
979 4085 1124 4153 emissio.
1148 4079 1324 4169 Euelpides
1343 4087 1404 4167 igi·

131 4201 194 4270 tur,
220 4211 293 4259 cum
317 4192 464 4269 vidisset,
489 4197 645 4275 quattuor
668 4211 745 4260 aves
768 4195 803 4258 in
827 4210 978 4260 scaenam
1003 4193 1154 4276 prodisse
1179 4193 1289 4258 cristis
1307 4209 1401 4258 orna-

131 4309 191 4377 tos,
216 4299 430 4367 mirabundus
454 4298 626 4382 quaesivit,
644 4317 708 4383 qua
724 4299 764 4365 de
781 4318 881 4366 causa
899 4297 1022 4367 cristas
1036 4299 1207 4377 haberent,
1224 4300 1401 4382 statimque

132 4407 343 4481 commitens
368 4407 414 4472 ito
437 4415 570 4472 ornatas
595 4405 713 4489 (galeis
732 4405 893 4492 cristatis)
918 4407 1059 4480 vonisse.
1097 4411 1135 4472 ut
1157 4407 1302 4472 diaulum
1329 4423 1402 4472 cur·

131 4521 252 4582 nerent.
278 4513 391 4598 Epops
416 4519 533 4588 autem,
550 4518 682 4596 putans,
700 4533 776 4580 eum
789 4515 876 4582 sciro
894 4515 989 4592 velle,
1004 4531 1063 4580 eur
1080 4531 1157 4580 aves
1170 4511 1288 4579 collem
1305 4529 1402 4578 occu-

132 4620 282 4702 paverint
305 4619 393 4703 (vide
417 4639 447 4684 v.
472 4617 563 4702 219),
587 4617 644 4685 illa
668 4620 765 4686 aliter
777 4619 908 4703 accipit:
934 4639 1013 4702 „cur
1030 4619 1145 4686 collem
1161 4617 1337 4702 oeperunt?
1362 4639 1402 4686 an
