3328 5370
712 415 888 480 ..31-

165 580 309 648 Dawesii
334 581 608 658 emendationem,
635 581 784 646 simodo
819 581 1005 648 emendatio
1033 582 1144 648 vooari
1168 588 1287 664 potest,
1311 587 1441 650 tantum

160 689 259 754 abest
282 692 322 753 ut
343 685 565 756 neeessariam
589 705 662 754 esse
687 688 814 767 ducam,
837 692 876 752 ut
897 689 1010 768 mirer,
1026 689 1190 771 quomodo
1212 696 1349 772 propter
1371 695 1440 755 tam

163 799 267 888 leves,
282 815 400 865 oausas
423 797 523 864 uerba
546 803 665 881 poetae
690 804 723 863 et
746 799 780 863 in
804 798 941 880 stropha
964 798 1051 864 etin
1079 799 1285 882 antistropha
1307 804 1438 866 mutare

163 923 270 972 ausus
308 906 361 971 sit
400 905 492 986 Nam,
516 912 554 970 ut
589 923 609 970 a
642 905 755 987 priore
786 903 858 971 eius
898 903 1103 971 dubitatione
1142 905 1262 980 ordiar,
1298 909 1441 996 metrum

164 1037 241 1100 0·-
254 1057 306 1097 oo
320 1063 351 1077 -
365 1055 387 1097 υ
403 1014 596 1096 -petitum
620 1017 674 1078 est
696 1010 738 1078 ab
762 1010 983 1078 Aeolensibus
1017 1011 1129 1095 lyricis
1152 1011 1195 1094 (v.
1218 1011 1368 1096 Sapphus
1401 1010 1441 1077 fr.

168 1125 215 1188 50
236 1119 293 1202 Β.),
317 1119 496 1185 Aeolenses
519 1123 630 1184 autem
664 1117 763 1183 modo
798 1117 960 1199 συναφείᾳ
993 1135 1109 1184 versus
1138 1124 1324 1196 conectunt,
1347 1123 1386 1184 ut
1407 1119 1442 1183 in
1493 1170 1495 1175 .

170 1227 319 1310 Sapphus
341 1224 379 1291 fr.
405 1231 434 1302 2,
460 1231 480 1294 9
504 1243 564 1308 sq.:
588 1225 682 1292 ’anto
701 1245 763 1303 καμ
786 1226 842 1304 μὲν
864 1227 1001 1301 γλῶσσα
1028 1225 1113 1302 ἔαγε,
1136 1225 1253 1290 λέπτον
1276 1225 1304 1290 δ’
1325 1225 1442 1291 Αὐτίκα

166 1341 233 1419 χρῷ
268 1337 331 1413 πῦρ
365 1333 637 1414 ὐπαδεδρόμακεν,
662 1330 762 1398 modo
795 1330 926 1397 hiatum
961 1332 1149 1411 admittunt,
1172 1337 1211 1396 ιιι
1240 1332 1275 1398 in
1294 1332 1441 1400 eiusdem

163 1443 204 1509 ir.
230 1445 260 1522 1,
286 1444 324 1506 21
352 1458 411 1525 sq.:
438 1443 494 1506 Καὶ
515 1443 577 1518 γὰρ
601 1440 632 1505 αἰ
655 1440 777 1518 φεύγει,
800 1440 922 1519 ταχέως
956 1440 1067 1515 διώξει,
1092 1438 1129 1502 Αἰ
1152 1440 1189 1502 δὲ
1211 1443 1301 1517 δῶρα
1325 1443 1365 1519 μὴ
1390 1442 1441 1506 δέ·

164 1546 239 1626 κετ’,
265 1549 346 1614 ἀλλὰ
369 1549 477 1613 δώσει.
513 1547 605 1612 Idem
630 1552 717 1628 apud
740 1543 951 1611 Aeetensium
982 1544 1184 1610 imitatorem
1210 1543 1382 1612 Horatium
1406 1545 1441 1612 in

160 1656 304 1737 stropha
327 1653 492 1738 Sapphica
515 1660 551 1720 et
572 1654 606 1720 in
631 1652 880 1720 consociatione
903 1669 1018 1718 versus
1046 1649 1204 1734 Glyconei
1228 1669 1302 1718 oum
1326 1654 1442 1720 Ascle-

162 1762 283 1846 piadeo
309 1759 438 1825 minore
462 1760 657 1826 invenimus.
675 1759 774 1826 Nulla
796 1758 898 1841 igitur
922 1776 1022 1823 causa
1046 1762 1106 1834 est,
1124 1767 1226 1839 quare
1246 1758 1439 1841 Aristopha-

163 1887 240 1934 nem
265 1884 331 1932 non
354 1865 440 1932 idern
464 1863 572 1932 fauere
598 1866 745 1948 potuisse
769 1870 933 1948 putemus.
967 1864 1012 1928 Et
1030 1879 1110 1930 vero
1134 1864 1169 1928 in
1188 1863 1274 1929 Paos
1297 1885 1326 1934 ι.
1354 1869 1439 1930 1349

165 1979 223 2040 τοῦ
257 1975 315 2054 μὲν
352 1975 430 2053 μέγα
464 1976 516 2038 καὶ
550 1975 643 2054 παχύ,
668 1979 706 2039 ιιι
727 1977 764 2038 ιιι
787 1977 880 2038 rente
916 1971 1143 2050 observasse,
1168 1971 1201 2036 in
1229 1971 1345 2038 eodem
1368 1991 1441 2040 ver-

165 2099 262 2148 suum
299 2085 478 2164 systemate
513 2085 613 2163 atque
637 2082 671 2146 iu
694 2079 819 2145 Avibus
851 2079 984 2144 brevem
1007 2078 1157 2144 ultimam
1181 2097 1241 2160 pro
1265 2077 1362 2163 longa
1385 2080 1442 2146 ad-

163 2189 300 2254 missam
324 2187 484 2253 ridemus.
508 2187 578 2252 Neo
601 2186 735 2254 maioris
758 2183 915 2251 momenti
938 2189 990 2250 est
1012 2185 1120 2249 altera
1147 2185 1291 2250 Dawesii
1313 2186 1442 2254 dubita·

160 2295 222 2362 tio.
246 2293 329 2358 Nam
355 2294 450 2359 utin
473 2293 530 2359 illo
554 2293 677 2360 Catulli
700 2291 912 2375 epithalamio
936 2292 1008 2376 (61)
1032 2291 1218 2372 strophaea
1233 2291 1319 2358 binis
1336 2298 1441 2376 syste-

158 2401 263 2467 matis
287 2406 541 2482 oomponuntur,
566 2419 707 2483 qnorum
730 2401 872 2466 alterum
895 2405 1020 2479 ternos,
1044 2399 1184 2464 alterum
1207 2400 1303 2467 binos
1326 2419 1441 2468 versus

157 2508 322 2587 eontinet,
346 2507 394 2572 ita
417 2508 505 2589 apud
528 2507 784 2590 Aristophanem
818 2507 953 2590 quintus
978 2505 1132 2588 strophae
1157 2513 1193 2572 et
1215 2507 1438 2591 antistrophae

159 2635 280 2684 sersus
306 2633 378 2683 eum
404 2621 498 2682 sexto
522 2617 672 2683 eiusdem
695 2617 794 2683 metri
818 2617 945 2700 (εω-
958 2643 979 2682 ο
999 2645 1019 2680 ο
1036 2616 1122 2697 --)
1137 2616 1277 2682 alterum
1297 2623 1440 2700 systema

161 2721 421 2800 auius-Quod
446 2740 523 2788 vero
561 2723 732 2790 Dawesius
767 2728 873 2806 putat,
896 2721 1004 2807 τοιῷδ’
1028 2725 1080 2802 ὑμ.
1104 2723 1230 2788 rectius
1253 2723 1318 2788 dici
1343 2743 1441 2807 quam

163 2831 200 2896 ἐν
219 2827 329 2914 τοιῷδ’
353 2831 417 2910 om,
440 2844 482 2894 ne
503 2829 568 2894 hoo
591 2829 724 2912 quidem
748 2830 780 2895 ei
802 2831 978 2896 assentior.
1003 2828 1059 2894 Ἐν
1074 2830 1160 2894 enim
1175 2828 1230 2894 hio
1246 2847 1319 2896 eam
1338 2833 1442 2896 aetio-

160 2955 237 3002 nem
257 2935 394 3015 indicat,
412 2953 496 3017 quae
521 2934 618 3000 uliam
644 2936 832 3014 comitetur,
855 2942 894 3001 ut
916 2935 950 3001 in
973 2935 1031 3001 Th.
1050 2938 1113 3000 993
1138 2936 1264 3015 ἐρατοῖς
1280 2939 1316 3002 ἐν
1332 2931 1443 3018 ὕμνοις

160 3043 381 3123 ἀναχορεύων,
406 3041 462 3106 ubi
486 3041 649 3108 Velsenus
672 3047 800 3108 temere
822 3043 886 3108 σύν
907 3060 968 3125 pro
992 3046 1027 3109 ἐν
1049 3043 1212 3126 reposuit.
1249 3043 1302 3109 Ἐν
1335 3042 1443 3131 τοιῷδ’

160 3153 214 3230 op.
239 3149 341 3232 igitur
376 3155 429 3214 est
454 3147 561 3229 „inter
592 3147 659 3213 tale
696 3165 829 3214 carmen
861 3148 1032 3230 nuptiale“
1063 3151 1167 3232 („npu
1190 3155 1294 3216 nanoit
1318 3151 1440 3224 nisan,

161 3275 206 3322 os
229 3258 336 3320 renuit
359 3255 543 3338 oisonem‘),
566 3253 621 3319 vel
648 3253 733 3336 „tale
758 3269 890 3318 carmen
914 3255 1107 3320 canentes“.
1130 3253 1227 3321 Solus
1250 3261 1361 3321 autern
1384 3255 1442 3322 da·

157 3364 253 3427 tivus
277 3379 415 3427 neeesse
439 3371 492 3427 est
516 3362 561 3427 sit
596 3361 749 3436 causalis,
774 3361 861 3441 quod
889 3360 930 3425 ad
955 3377 1088 3425 sensum
1111 3379 1228 3442 parum
1251 3365 1365 3443 aptum
1381 3365 1442 3429 est:

161 3487 242 3534 num
259 3471 402 3548 propter
425 3487 556 3535 carmen
580 3468 727 3550 nuptiale
749 3465 898 3549 Iuppiter
922 3473 955 3532 et
977 3468 1062 3534 Iuno
1085 3467 1173 3534 idem
1198 3468 1306 3534 cubile
1326 3487 1444 3536 asuen-

168 3573 306 3641 derunt?
330 3575 508 3658 Reliquum
534 3581 595 3654 est,
618 3581 656 3640 ut
678 3575 804 3641 Kookio
829 3593 978 3642 errorem
1001 3576 1141 3642 demam.
1166 3575 1200 3641 Is
1216 3575 1350 3642 verbum
1367 3578 1442 3656 ὑμέ-

161 3701 255 3760 ναιος
277 3681 332 3747 hio
358 3679 554 3752 Germaniae
591 3681 895 3763 „Hoohzeitsteier“
925 3683 1328 3765 interpretatus-neque
1351 3689 1442 3749 recte

163 3805 272 3870 neque
295 3789 496 3867 necessario,
521 3795 559 3854 ιιι
581 3789 724 3855 videtur:
747 3807 822 3854 uam
847 3807 921 3856 curn
946 3790 1036 3868 alibi,
1054 3790 1142 3873 quod
1165 3791 1277 3866 sciam,
1292 3790 1442 3868 ὑμέναιος

163 3899 222 3961 aut
245 3911 379 3960 carmen
403 3895 560 3977 nuptiale,
585 3900 642 3961 aut
664 3896 798 3978 nuptias
822 3895 912 3978 ipsas
938 3896 1110 3980 significet,
1134 3903 1204 3962 tum
1228 3897 1284 3962 hio
1308 3911 1442 3961 oarmen

160 3997 313 4080 nuptiale
332 3998 428 4076 valet;
455 3999 494 4066 ef.
518 4018 570 4067 νν.
598 4003 816 4067 luas-1730
840 4004 999 4082 ὑμεναίοις
1022 4005 1135 4087 ᾠδαῖς.

209 4106 329 4172 Restat
351 4123 438 4172 unus
462 4104 554 4174 loeus
568 4143 608 4156 -
622 4106 675 4174 Fr.
703 4112 767 4172 274
791 4110 826 4175 ἐν
850 4111 1003 4188 κωμήτιοι
1026 4113 1180 4188 καπηλοῑς
1207 4109 1383 4189 ἐπίχαρτον,
1398 4142 1443 4156 -

166 4213 223 4295 qui
258 4213 305 4278 ita
340 4218 516 4296 corruptus
554 4220 615 4292 est,
641 4223 678 4281 ut
716 4221 806 4282 certa
833 4216 1023 4282 emendatio
1048 4213 1121 4282 fieri
1144 4233 1209 4282 non
1233 4219 1343 4296 queat,
1368 4231 1441 4279 cum

166 4319 374 4400 praesertim,
394 4320 427 4385 in
452 4339 515 4403 quo
540 4328 696 4388 contextu
720 4323 829 4400 inerit,
853 4324 1051 4389 nesciamus.
