3328 5370
824 481 998 542 ..18-

317 650 362 713 κό
373 653 390 714 λ
403 671 425 713 π
439 670 457 713 o
470 665 497 725 ςι
523 646 581 710 Αν.
607 648 672 709 694
686 646 901 726 ἐρέβους-ἐν
917 646 1063 724 ἀπείροσι
1082 646 1211 724 κόλποις
1226 645 1452 712 τίκτει-νὺξω
1465 642 1547 727 ᾡόν.

272 755 317 823 Gt
345 756 438 830 Hom.
464 754 502 820 Il.
529 759 558 832 6,
583 755 648 816 400
672 749 759 817 παῖδ’
784 754 835 818 ἐπὶ
858 753 965 837 κόλπῳ
990 753 1124 831 ἔχουσα.

315 862 375 930 Ee.
400 865 463 926 963
487 861 589 945 ἐντῷ
613 859 818 945 σῷ-κόλπῳ
842 861 1074 938 πληκτίζεσθαι.

316 969 504 1048 κορυφήι
529 967 588 1034 Αν.
614 969 678 1029 740
701 967 832 1032 νάπαισί
868 988 901 1033 τε
936 967 1130 1046 κορυφαῖσίν
1157 964 1183 1030 τ’
1222 967 1257 1032 ἔν
1281 964 1399 1044 ὀρείαις
1422 964 1549 1044 μελέων

271 1079 391 1157 νόμους
428 1074 536 1154 <ιεροὺς
573 1073 752 1153 ἀναφαίνω,
777 1075 833 1140 ubi
857 1073 1060 1156 praepositio
1091 1073 1256 1155 duplicem
1280 1091 1412 1140 sensum
1433 1070 1546 1148 habat,

272 1183 360 1265 quod
383 1199 402 1246 e
425 1180 564 1248 Rossioe
587 1179 859 1262 interpretatione
883 1186 1030 1264 apparet:
1062 1199 1114 1262 „aa
1137 1198 1321 1255 peonnam,
1345 1199 1389 1244 ιια
1413 1196 1549 1260 eepmn·

271 1292 393 1356 naxs“.
419 1287 465 1356 Oi.
489 1285 527 1352 N.
552 1289 617 1352 270
641 1283 690 1352 ἔπ’
714 1288 876 1368 Ὀλύμπου
900 1292 1068 1367 κορυφαῖς.

317 1397 439 1476 opor:
478 1395 512 1460 L.
554 1399 616 1460 787
653 1395 712 1461 κάν
749 1400 818 1474 τοῖς
855 1395 966 1474 ὄρεσιν
1005 1397 1089 1478 ᾤκει.
1130 1392 1177 1460 cf.
1202 1395 1240 1461 A.
1265 1396 1306 1457 82
1340 1393 1390 1458 ἐπὶ
1412 1396 1547 1473 χρυσών

272 1504 369 1582 όρών.

316 1610 374 1676 Th.
400 1614 464 1677 114
482 1611 622 1692 riveto
644 1609 735 1690 ὄρεσι
763 1611 969 1686 δρυογόνοισι
994 1611 1103 1688 κόραν.

315 1716 368 1784 Fr.¹
393 1721 457 1784 680
481 1718 608 1794 ἐντοῖς
632 1713 917 1795 ὄρεσιν-ἐφύετο,
954 1732 1151 1797 quamquam
1190 1712 1243 1778 his
1273 1710 1422 1778 omnibns
1459 1709 1544 1778 loeis

272 1823 471 1889 resonasse
499 1823 625 1905 „inter“
649 1823 748 1901 valet,
773 1827 810 1886 ut
845 1840 905 1887 nos
932 1822 1072 1888 dicimus
1099 1840 1162 1903 „no
1185 1818 1342 1902 roparn“‚
1367 1818 1455 1899 quod
1478 1835 1543 1883 non

270 1928 366 2010 plane
390 1927 476 2014 idem
501 1933 673 2010 astatque
698 1946 761 2008 „sa
786 1930 944 2009 ropaxs“.

292 2058 337 2100 π
349 2036 575 2114 ρόσωπον;
598 2034 647 2098 Pl.
675 2037 757 2098 1061
795 2035 830 2099 ἐν
864 2040 908 2117 τῷ
945 2055 998 2114 πρ.
1022 2039 1087 2099 τών
1118 2033 1253 2112 ῥυτίδων
1284 2030 1370 2110 ὅσας
1394 2031 1465 2112 ἔχει.
1494 2028 1543 2101 Os.

269 2141 309 2208 N.
337 2144 421 2206 1176
446 2143 495 2206 ἐπὶ
517 2144 574 2206 τοῦ
598 2163 651 2220 πρ.
675 2141 777 2208 Recte
801 2140 866 2205 hoo
889 2143 962 2206 looo
979 2141 1194 2224 Bambergius
1211 2139 1324 2223 (1886,
1339 2157 1370 2220 p.
1389 2139 1444 2223 10)
1461 2138 1543 2204 sori·

268 2247 410 2315 bendum
445 2252 558 2328 censet
591 2251 648 2326 τὰς
685 2249 820 2328 ῥυτίδας,
846 2249 931 2330 quod
956 2249 1025 2314 eod.
1050 2247 1231 2314 Vaticanus
1255 2246 1405 2329 genetivo
1431 2263 1544 2328 super-

269 2353 428 2435 scriptum
452 2353 636 2434 nivariam
660 2353 836 2420 lectionem
860 2355 1004 2436 praebet.
1029 2353 1113 2418 Nam
1140 2371 1243 2435 „quae
1267 2351 1332 2433 legi
1351 2351 1544 2431 solentino

267 2459 387 2532 valent:
412 2457 458 2524 ών
482 2458 562 2538 ἔχεις
586 2460 722 2539 ῥυτίδων
758 2459 843 2539 ὅσας
879 2463 961 2540 ἔχεις
984 2461 1018 2526 ἔν
1041 2467 1086 2543 τῷ
1109 2461 1288 2544 προσώπῳ,
1314 2476 1388 2523 eum
1410 2458 1473 2524 hoe
1497 2458 1546 2524 di·

268 2567 406 2632 oendum
430 2565 531 2633 fuisse
555 2567 715 2633 videatur:
740 2570 779 2647 ἃς
803 2570 905 2652 ἐντῷ
929 2571 1096 2654 προσώπῳ
1114 2567 1196 2648 ἔχεις
1214 2567 1351 2647 ῥυτίδας,
1370 2564 1447 2632 ὅσαι
1465 2566 1545 2633 εἰσίν

268 2673 337 2740 sive
362 2675 464 2757 ἐντῷ
489 2678 659 2759 προσώπῳ
694 2677 751 2753 τὰς
790 2677 917 2755 ῥυτίδας
951 2676 1034 2754 ὅσας
1058 2677 1148 2755 ἔχεις,
1174 2674 1263 2762 quod
1286 2671 1543 2754 Aristophanem

269 2781 444 2862 scripsisse
468 2781 653 2848 existimo“.

311 2887 494 2965 πύργοςι
519 2884 583 2953 Αν.
610 2890 694 2952 1162
719 2891 859 2967 φυλακαὶ
882 2890 1096 2968 καθεστήκασι
1121 2891 1173 2954 καὶ
1197 2888 1393 2969 φρυκτωρίαι
1406 2889 1441 2953 ἐν
1457 2891 1543 2953 τοῖσι

266 3014 296 3056 π.
323 2990 371 3056 ef.
395 2992 495 3058 Hom.
520 2990 559 3062 11.
585 2996 636 3070 21,
664 2995 725 3057 626
751 2994 885 3072 εἱστήκει
909 2997 995 3060 θείου
1020 2997 1070 3062 ἐπὶ
1093 2996 1227 3074 πύργου.

310 3099 430 3175 στρώ
443 3117 566 3176 ματαε
591 3098 630 3164 Ν.
657 3102 739 3166 1069
766 3101 800 3164 ἐν
823 3105 892 3179 τοῖς
916 3117 948 3168 σ.
972 3103 1030 3179 τὴν
1053 3100 1152 3165 νύκτα
1166 3100 1376 3179 παννυχίζειν.
1391 3097 1542 3180 „Super“

265 3203 544 3285 praepositionem
579 3206 688 3272 valere
723 3213 860 3290 apparet
891 3227 930 3274 ax
964 3207 1214 3273 Anaxandridae
1237 3208 1313 3272 loeo
1337 3206 1380 3288 (3,
1409 3225 1441 3289 p.
1468 3209 1540 3284 183,

265 3328 295 3373 ν.
323 3309 366 3390 7);
391 3309 619 3390 ὑπεστρῶσθαι
644 3314 827 3391 στρώματα.

310 3413 350 3479 V.
378 3419 462 3480 1213
487 3419 651 3497 χύτλασον
675 3419 815 3483 σεαυτὸν
838 3419 873 3482 ἐν
896 3422 964 3495 τοῖς
989 3435 1020 3483 σ.

309 3520 348 3584 R.
372 3525 437 3585 439
461 3523 542 3601 Διὸς
568 3525 720 3602 Κόρινθος
744 3525 870 3603 ἐντοῖς
895 3541 939 3600 σ.,
964 3523 1052 3606 quod
1075 3524 1209 3606 proprie
1225 3525 1323 3590 valet:
1341 3524 1538 3606 „Corinthus

264 3625 351 3692 Iovis
374 3624 461 3693 filius
487 3629 521 3693 in
545 3629 701 3712 stragulis
726 3633 809 3707 sst“;
834 3632 929 3712 plura
954 3631 1045 3697 dabit
1061 3630 1284 3698 Fritzsohaus.
1302 3635 1364 3696 642
1384 3634 1419 3697 ἐν
1436 3633 1537 3712 στρώ-

263 3750 359 3812 μασιν
385 3734 553 3814 Μιλησίοις
578 3737 865 3817 ἀνατετραμμένος.

306 3838 366 3905 Eo.
391 3842 432 3906 39
458 3843 576 3920 ἤλαυνέ
599 3839 629 3922 μ’
654 3845 689 3908 ἒν
712 3847 780 3924 τοῖς
800 3861 832 3913 σ.
860 3849 924 3911 334
948 3845 1009 3925 δύχ
1032 3843 1134 3924 ηὗρον
1168 3846 1204 3910 ἐν
1236 3849 1304 3925 τοῖς
1339 3861 1371 3910 σ.
1397 3846 1448 3928 (τό
1471 3849 1540 3926 ίμό-

262 3948 355 4028 τιον).
381 3950 442 4011 541
469 3949 504 4013 ἐν
529 3949 607 4032 ἀλέᾳ
632 3952 856 4029 κατακείμενον
880 3954 930 4016 καὶ
954 3953 1148 4030 στρώμασιν.

306 4052 360 4118 Fr.
387 4055 461 4138 695,
488 4056 503 4115 1
530 4056 565 4121 ἐν
588 4056 765 4136 ἡδυόσμοις
788 4059 954 4137 στρώμασι
978 4059 1188 4137 παννυχίζων.

306 4162 441 4240 ταφή;
465 4161 503 4229 R.
528 4165 593 4226 423
618 4164 653 4228 ἐν
676 4168 745 4242 ταῖς
769 4167 903 4243 ταφαῖσι
925 4165 1074 4243 πρωκτόν
1096 4166 1219 4230 τίλλειν.

307 4268 528 4344 φορυτόςί
551 4270 588 4332 Α.
614 4270 655 4331 72
680 4269 714 4333 ἐν
738 4276 870 4353 φορυτῷ
895 4271 1129 4348 κατακείμενος.

309 4373 689 4453 Θεσμοφορεῖον
715 4373 774 4440 Τίι.
797 4377 861 4440 278
886 4377 922 4441 τὸ
945 4381 1003 4456 τῆς
1027 4376 1196 4455 ἐκκλησίας
1221 4381 1355 4456 σημεῖον
1378 4379 1413 4444 ἐν
1436 4384 1481 4463 τῷ
1502 4380 1539 4443 θ.

265 4480 420 4557 φαίνεται.

306 4584 347 4650 ”0
361 4591 407 4651 λιι
421 4609 441 4665 μ
454 4609 477 4651 π
490 4607 508 4650 o
521 4606 548 4666 ς;
573 4589 633 4652 Αν.
651 4591 715 4654 578
737 4591 814 4668 τοὺς
828 4591 862 4655 ἐν
875 4586 1036 4676 Ὀλύμπῳ.
1056 4593 1119 4656 606
1142 4587 1229 4655 τοῦτ’
1246 4591 1311 4659 ἔστ’
1327 4595 1361 4658 ἐν
1378 4591 1539 4679 Ὀλύμπῳ.
