<?xml version="1.0" encoding="UTF-8"?>
<!DOCTYPE html PUBLIC "-//W3C//DTD XHTML 1.0 Transitional//EN"
    "http://www.w3.org/TR/xhtml1/DTD/xhtml1-transitional.dtd">
<html xmlns="http://www.w3.org/1999/xhtml" xml:lang="en" lang="en">
 <head>
  <title>
</title>
<meta http-equiv="Content-Type" content="text/html;charset=utf-8" />
  <meta name='ocr-system' content='tesseract 3.04.00' />
  <meta name='ocr-capabilities' content='ocr_page ocr_carea ocr_par ocr_line ocrx_word'/>
</head>
<body>
  <div class='ocr_page' id='page_1' title='image "./depraepositionu00sobogoog_0214.png"; bbox 0 0 3326 5372; ppageno 0'>
   <div class='ocr_carea' id='block_1_1' title="bbox 726 509 923 572">
    <p class='ocr_par' dir='ltr' id='par_1_1' title="bbox 726 509 923 572">
     <span class='ocr_line' id='line_1_1' title="bbox 726 509 923 572; baseline 0.005 -1"><span class='ocrx_word' id='word_1_1' title='bbox 726 543 763 554; x_wconf 90' lang='lat'><em>-</em></span> <span class='ocrx_word' id='word_1_2' title='bbox 794 509 923 572; x_wconf 79' lang='lat'>203-</span> 
     </span>
    </p>
   </div>
   <div class='ocr_carea' id='block_1_2' title="bbox 193 673 1469 1276">
    <p class='ocr_par' dir='ltr' id='par_1_2' title="bbox 237 673 1465 759">
     <span class='ocr_line' id='line_1_2' title="bbox 237 673 1465 759; baseline -0.005 -17"><span class='ocrx_word' id='word_1_3' title='bbox 237 677 297 744; x_wconf 80' lang='lat' dir='ltr'>Av.</span> <span class='ocrx_word' id='word_1_4' title='bbox 324 677 408 741; x_wconf 89' lang='grc'>1631</span> <span class='ocrx_word' id='word_1_5' title='bbox 434 679 514 755; x_wconf 85' lang='grc' dir='ltr'>δρᾶν</span> <span class='ocrx_word' id='word_1_6' title='bbox 536 678 635 742; x_wconf 84' lang='grc' dir='ltr'>ταῦτα</span> <span class='ocrx_word' id='word_1_7' title='bbox 657 678 714 742; x_wconf 85' lang='grc' dir='ltr'>τοῦ</span> <span class='ocrx_word' id='word_1_8' title='bbox 738 675 905 754; x_wconf 80' lang='grc' dir='ltr'>σκήπτρου</span> <span class='ocrx_word' id='word_1_9' title='bbox 927 677 997 756; x_wconf 86' lang='grc' dir='ltr'>πέρι</span> <span class='ocrx_word' id='word_1_10' title='bbox 1014 677 1088 759; x_wconf 74' lang='lat' dir='ltr'>„da</span> <span class='ocrx_word' id='word_1_11' title='bbox 1108 673 1274 745; x_wconf 78' lang='lat' dir='ltr'><strong>reddendo</strong></span> <span class='ocrx_word' id='word_1_12' title='bbox 1298 673 1465 756; x_wconf 83' lang='lat' dir='ltr'><strong>sceptro“.</strong></span> 
     </span>
    </p>

    <p class='ocr_par' dir='ltr' id='par_1_3' title="bbox 193 779 1469 1079">
     <span class='ocr_line' id='line_1_3' title="bbox 236 779 1468 865; baseline -0.003 -17"><span class='ocrx_word' id='word_1_13' title='bbox 236 781 275 848; x_wconf 86' lang='lat' dir='ltr'>R.</span> <span class='ocrx_word' id='word_1_14' title='bbox 300 783 364 849; x_wconf 80' lang='lat'>809</span> <span class='ocrx_word' id='word_1_15' title='bbox 381 781 611 861; x_wconf 81' lang='grc' dir='ltr'>λῆρον-τᾶλλ’</span> <span class='ocrx_word' id='word_1_16' title='bbox 625 781 735 859; x_wconf 84' lang='grc' dir='ltr'>ἡγεῖτο</span> <span class='ocrx_word' id='word_1_17' title='bbox 753 783 809 846; x_wconf 82' lang='grc' dir='ltr'>τοῦ</span> <span class='ocrx_word' id='word_1_18' title='bbox 826 787 945 859; x_wconf 86' lang='grc' dir='ltr'>γνῶναι</span> <span class='ocrx_word' id='word_1_19' title='bbox 961 787 1032 864; x_wconf 88' lang='grc' dir='ltr'>πέρι</span> <span class='ocrx_word' id='word_1_20' title='bbox 1049 785 1167 865; x_wconf 86' lang='grc' dir='ltr'>φύσεις</span> <span class='ocrx_word' id='word_1_21' title='bbox 1182 786 1333 862; x_wconf 86' lang='grc' dir='ltr'>ποιητῶν,</span> <span class='ocrx_word' id='word_1_22' title='bbox 1360 779 1468 863; x_wconf 82' lang='lat' dir='ltr'>„quod</span> 
     </span>
     <span class='ocr_line' id='line_1_4' title="bbox 194 886 1469 976; baseline -0.002 -22"><span class='ocrx_word' id='word_1_23' title='bbox 194 889 313 954; x_wconf 78' lang='lat' dir='ltr'><strong>attinet</strong></span> <span class='ocrx_word' id='word_1_24' title='bbox 335 889 376 953; x_wconf 87' lang='lat' dir='ltr'>ad</span> <span class='ocrx_word' id='word_1_25' title='bbox 400 886 601 954; x_wconf 82' lang='lat' dir='ltr'><strong>dinoscenda</strong></span> <span class='ocrx_word' id='word_1_26' title='bbox 623 893 794 970; x_wconf 82' lang='lat' dir='ltr'><strong>poetarum</strong></span> <span class='ocrx_word' id='word_1_27' title='bbox 836 889 967 973; x_wconf 81' lang='lat' dir='ltr'><strong>ingenia</strong></span> <span class='ocrx_word' id='word_1_28' title='bbox 1006 891 1073 976; x_wconf 84' lang='lat' dir='ltr'><strong>(val</strong></span> <span class='ocrx_word' id='word_1_29' title='bbox 1107 893 1141 958; x_wconf 95' lang='lat' dir='ltr'>in</span> <span class='ocrx_word' id='word_1_30' title='bbox 1179 887 1387 957; x_wconf 83' lang='lat' dir='ltr'><strong>dinoscendis</strong></span> <span class='ocrx_word' id='word_1_31' title='bbox 1418 887 1469 952; x_wconf 91' lang='lat' dir='ltr'>in-</span> 
     </span>
     <span class='ocr_line' id='line_1_5' title="bbox 193 993 1161 1079; baseline 0.003 -17"><span class='ocrx_word' id='word_1_32' title='bbox 193 995 322 1079; x_wconf 85' lang='lat' dir='ltr'><strong>geniis),</strong></span> <span class='ocrx_word' id='word_1_33' title='bbox 345 993 426 1059; x_wconf 88' lang='lat' dir='ltr'>nihil</span> <span class='ocrx_word' id='word_1_34' title='bbox 447 993 513 1060; x_wconf 81' lang='lat' dir='ltr'><strong>nini</strong></span> <span class='ocrx_word' id='word_1_35' title='bbox 537 1013 644 1061; x_wconf 89' lang='lat' dir='ltr'><strong>meras</strong></span> <span class='ocrx_word' id='word_1_36' title='bbox 667 1013 770 1078; x_wconf 73' lang='lat' dir='ltr'><strong>nugas</strong></span> <span class='ocrx_word' id='word_1_37' title='bbox 795 1015 851 1062; x_wconf 85' lang='lat' dir='ltr'>eos</span> <span class='ocrx_word' id='word_1_38' title='bbox 876 1017 950 1064; x_wconf 87' lang='lat' dir='ltr'>esse</span> <span class='ocrx_word' id='word_1_39' title='bbox 974 999 1161 1066; x_wconf 80' lang='lat' dir='ltr'><strong>censebat‘.</strong></span> 
     </span>
    </p>

    <p class='ocr_par' dir='ltr' id='par_1_4' title="bbox 193 1099 1466 1276">
     <span class='ocr_line' id='line_1_6' title="bbox 235 1099 1466 1185; baseline -0.002 -19"><span class='ocrx_word' id='word_1_40' title='bbox 235 1099 295 1166; x_wconf 86' lang='lat' dir='ltr'>Ec.</span> <span class='ocrx_word' id='word_1_41' title='bbox 321 1101 385 1166; x_wconf 73' lang='grc'>632</span> <span class='ocrx_word' id='word_1_42' title='bbox 408 1103 557 1181; x_wconf 82' lang='grc' dir='ltr'>περὶτοῦ</span> <span class='ocrx_word' id='word_1_43' title='bbox 582 1104 642 1181; x_wconf 86' lang='grc' dir='ltr'>γὰρ</span> <span class='ocrx_word' id='word_1_44' title='bbox 665 1105 761 1168; x_wconf 86' lang='grc' dir='ltr'>τοῦτο</span> <span class='ocrx_word' id='word_1_45' title='bbox 785 1107 922 1182; x_wconf 72' lang='grc' dir='ltr'>ποιήσεις</span> <span class='ocrx_word' id='word_1_46' title='bbox 946 1103 1001 1170; x_wconf 89' lang='lat' dir='ltr'>ubi</span> <span class='ocrx_word' id='word_1_47' title='bbox 1025 1107 1096 1185; x_wconf 86' lang='grc' dir='ltr'>περί</span> <span class='ocrx_word' id='word_1_48' title='bbox 1128 1105 1167 1172; x_wconf 89' lang='lat' dir='ltr'>ab</span> <span class='ocrx_word' id='word_1_49' title='bbox 1193 1106 1285 1171; x_wconf 79' lang='grc' dir='ltr'>ἕνεκα</span> <span class='ocrx_word' id='word_1_50' title='bbox 1308 1101 1376 1167; x_wconf 83' lang='lat' dir='ltr'><strong>fere</strong></span> <span class='ocrx_word' id='word_1_51' title='bbox 1401 1117 1466 1165; x_wconf 87' lang='lat' dir='ltr'>non</span> 
     </span>
     <span class='ocr_line' id='line_1_7' title="bbox 193 1205 311 1276; baseline 0.025 -4"><span class='ocrx_word' id='word_1_52' title='bbox 193 1205 311 1276; x_wconf 73' lang='lat' dir='ltr'><strong>(Effert.</strong></span> 
     </span>
    </p>
   </div>
   <div class='ocr_carea' id='block_1_3' title="bbox 235 1310 1468 1400">
    <p class='ocr_par' dir='ltr' id='par_1_5' title="bbox 235 1310 1468 1400">
     <span class='ocr_line' id='line_1_8' title="bbox 235 1310 1468 1400; baseline 0.002 -23"><span class='ocrx_word' id='word_1_53' title='bbox 235 1311 271 1396; x_wconf 94' lang='lat' dir='ltr'>b)</span> <span class='ocrx_word' id='word_1_54' title='bbox 294 1312 332 1378; x_wconf 87' lang='lat' dir='ltr'>L.</span> <span class='ocrx_word' id='word_1_55' title='bbox 355 1315 419 1378; x_wconf 85' lang='grc'>932</span> <span class='ocrx_word' id='word_1_56' title='bbox 445 1313 485 1392; x_wconf 88' lang='grc' dir='ltr'>μή</span> <span class='ocrx_word' id='word_1_57' title='bbox 508 1310 539 1393; x_wconf 88' lang='grc' dir='ltr'>μ’</span> <span class='ocrx_word' id='word_1_58' title='bbox 573 1315 777 1400; x_wconf 82' lang='grc' dir='ltr'>ἐξαπατήσῃς</span> <span class='ocrx_word' id='word_1_59' title='bbox 811 1321 851 1383; x_wconf 86' lang='grc' dir='ltr'>τὰ</span> <span class='ocrx_word' id='word_1_60' title='bbox 881 1321 952 1397; x_wconf 82' lang='grc' dir='ltr'>περὶ</span> <span class='ocrx_word' id='word_1_61' title='bbox 986 1324 1051 1384; x_wconf 83' lang='grc' dir='ltr'>τῶν</span> <span class='ocrx_word' id='word_1_62' title='bbox 1087 1323 1277 1395; x_wconf 83' lang='grc' dir='ltr'>διαλλαγῶν,</span> <span class='ocrx_word' id='word_1_63' title='bbox 1314 1316 1368 1381; x_wconf 90' lang='lat' dir='ltr'>ubi</span> <span class='ocrx_word' id='word_1_64' title='bbox 1394 1314 1468 1383; x_wconf 79' lang='lat' dir='ltr'><strong>sine</strong></span> 
     </span>
    </p>
   </div>
   <div class='ocr_carea' id='block_1_4' title="bbox 193 1419 1470 2466">
    <p class='ocr_par' dir='ltr' id='par_1_6' title="bbox 193 1419 1465 1610">
     <span class='ocr_line' id='line_1_9' title="bbox 193 1419 1465 1508; baseline 0.001 -24"><span class='ocrx_word' id='word_1_65' title='bbox 193 1419 262 1485; x_wconf 86' lang='lat' dir='ltr'>ullo</span> <span class='ocrx_word' id='word_1_66' title='bbox 286 1419 469 1486; x_wconf 84' lang='lat' dir='ltr'><strong>sententiaa</strong></span> <span class='ocrx_word' id='word_1_67' title='bbox 495 1420 694 1488; x_wconf 82' lang='lat' dir='ltr'><strong>detrimento</strong></span> <span class='ocrx_word' id='word_1_68' title='bbox 720 1424 882 1491; x_wconf 83' lang='lat' dir='ltr'><strong>articulus</strong></span> <span class='ocrx_word' id='word_1_69' title='bbox 899 1425 1006 1491; x_wconf 86' lang='lat' dir='ltr'><strong>omitti</strong></span> <span class='ocrx_word' id='word_1_70' title='bbox 1022 1430 1143 1508; x_wconf 77' lang='lat' dir='ltr'>potest..</span> <span class='ocrx_word' id='word_1_71' title='bbox 1161 1423 1210 1494; x_wconf 85' lang='lat' dir='ltr'>cf.</span> <span class='ocrx_word' id='word_1_72' title='bbox 1227 1441 1311 1506; x_wconf 85' lang='lat' dir='ltr'><strong>quae</strong></span> <span class='ocrx_word' id='word_1_73' title='bbox 1331 1421 1465 1488; x_wconf 81' lang='lat' dir='ltr'><strong>Schnei-</strong></span> 
     </span>
     <span class='ocr_line' id='line_1_10' title="bbox 193 1525 808 1610; baseline 0.007 -19"><span class='ocrx_word' id='word_1_74' title='bbox 193 1525 293 1592; x_wconf 74' lang='grc' dir='ltr'>δοται</span> <span class='ocrx_word' id='word_1_75' title='bbox 317 1525 487 1593; x_wconf 82' lang='lat' dir='ltr'><strong>annotavit</strong></span> <span class='ocrx_word' id='word_1_76' title='bbox 510 1527 552 1592; x_wconf 87' lang='lat' dir='ltr'>ad</span> <span class='ocrx_word' id='word_1_77' title='bbox 574 1529 677 1595; x_wconf 84' lang='lat' dir='ltr'>Isocr.</span> <span class='ocrx_word' id='word_1_78' title='bbox 706 1535 733 1610; x_wconf 88' lang='lat'>1,</span> <span class='ocrx_word' id='word_1_79' title='bbox 757 1533 808 1595; x_wconf 87' lang='grc'>13.</span> 
     </span>
    </p>

    <p class='ocr_par' dir='ltr' id='par_1_7' title="bbox 237 1631 1217 1717">
     <span class='ocr_line' id='line_1_11' title="bbox 237 1631 1217 1717; baseline 0.005 -20"><span class='ocrx_word' id='word_1_80' title='bbox 237 1631 296 1698; x_wconf 83' lang='lat' dir='ltr'>Ec.</span> <span class='ocrx_word' id='word_1_81' title='bbox 322 1635 386 1699; x_wconf 88' lang='grc'>815</span> <span class='ocrx_word' id='word_1_82' title='bbox 411 1633 471 1699; x_wconf 85' lang='grc' dir='ltr'>οὐκ</span> <span class='ocrx_word' id='word_1_83' title='bbox 495 1632 582 1700; x_wconf 79' lang='grc' dir='ltr'>οἷσθ’</span> <span class='ocrx_word' id='word_1_84' title='bbox 607 1633 701 1702; x_wconf 85' lang='grc' dir='ltr'>ἐκεῖν’</span> <span class='ocrx_word' id='word_1_85' title='bbox 726 1637 848 1714; x_wconf 81' lang='grc' dir='ltr'>οὕδοξε,</span> <span class='ocrx_word' id='word_1_86' title='bbox 873 1639 910 1703; x_wconf 87' lang='grc' dir='ltr'>τὸ</span> <span class='ocrx_word' id='word_1_87' title='bbox 937 1639 1008 1717; x_wconf 73' lang='grc' dir='ltr'>περὶ</span> <span class='ocrx_word' id='word_1_88' title='bbox 1032 1641 1097 1703; x_wconf 86' lang='grc' dir='ltr'>τῶν</span> <span class='ocrx_word' id='word_1_89' title='bbox 1120 1638 1217 1715; x_wconf 85' lang='grc' dir='ltr'>ἁλῶν;</span> 
     </span>
    </p>

    <p class='ocr_par' dir='ltr' id='par_1_8' title="bbox 194 1737 1469 1931">
     <span class='ocr_line' id='line_1_12' title="bbox 239 1737 1469 1826; baseline 0 -21"><span class='ocrx_word' id='word_1_90' title='bbox 239 1739 270 1824; x_wconf 87' lang='grc' dir='ltr'>ο)</span> <span class='ocrx_word' id='word_1_91' title='bbox 294 1737 353 1806; x_wconf 78' lang='lat' dir='ltr'>Ea.</span> <span class='ocrx_word' id='word_1_92' title='bbox 379 1739 442 1804; x_wconf 86' lang='grc'>653</span> <span class='ocrx_word' id='word_1_93' title='bbox 465 1743 537 1819; x_wconf 81' lang='grc' dir='ltr'>περὶ</span> <span class='ocrx_word' id='word_1_94' title='bbox 560 1739 590 1805; x_wconf 83' lang='grc' dir='ltr'>δ’</span> <span class='ocrx_word' id='word_1_95' title='bbox 611 1742 742 1821; x_wconf 82' lang='grc' dir='ltr'>ἱματίων</span> <span class='ocrx_word' id='word_1_96' title='bbox 775 1745 824 1822; x_wconf 83' lang='grc' dir='ltr'>τίς</span> <span class='ocrx_word' id='word_1_97' title='bbox 857 1746 960 1823; x_wconf 88' lang='grc' dir='ltr'>πόρος</span> <span class='ocrx_word' id='word_1_98' title='bbox 995 1743 1094 1823; x_wconf 66' lang='grc' dir='ltr'>ἔσται</span> <span class='ocrx_word' id='word_1_99' title='bbox 1133 1742 1244 1826; x_wconf 80' lang='lat' dir='ltr'><strong>„qnod</strong></span> <span class='ocrx_word' id='word_1_100' title='bbox 1279 1739 1320 1806; x_wconf 86' lang='lat' dir='ltr'>ad</span> <span class='ocrx_word' id='word_1_101' title='bbox 1355 1746 1469 1806; x_wconf 74' lang='lat' dir='ltr'><strong>vasten</strong></span> 
     </span>
     <span class='ocr_line' id='line_1_13' title="bbox 194 1845 1042 1931; baseline 0.005 -22"><span class='ocrx_word' id='word_1_102' title='bbox 194 1861 317 1921; x_wconf 80' lang='lat' dir='ltr'><strong>autem,</strong></span> <span class='ocrx_word' id='word_1_103' title='bbox 342 1862 426 1927; x_wconf 84' lang='lat' dir='ltr'><strong>quae</strong></span> <span class='ocrx_word' id='word_1_104' title='bbox 449 1845 535 1911; x_wconf 85' lang='lat' dir='ltr'><strong>ratio</strong></span> <span class='ocrx_word' id='word_1_105' title='bbox 560 1865 673 1913; x_wconf 81' lang='lat' dir='ltr'><strong>aarum</strong></span> <span class='ocrx_word' id='word_1_106' title='bbox 696 1849 916 1931; x_wconf 85' lang='lat' dir='ltr'><strong>parandarum</strong></span> <span class='ocrx_word' id='word_1_107' title='bbox 941 1847 1042 1914; x_wconf 76' lang='lat' dir='ltr'><strong>ariti“</strong></span> 
     </span>
    </p>

    <p class='ocr_par' dir='ltr' id='par_1_9' title="bbox 194 1950 1470 2466">
     <span class='ocr_line' id='line_1_14' title="bbox 237 1950 1469 2038; baseline -0.001 -20"><span class='ocrx_word' id='word_1_108' title='bbox 237 1950 298 2018; x_wconf 91' lang='grc' dir='ltr'><strong>ΙΙΙ.</strong></span> <span class='ocrx_word' id='word_1_109' title='bbox 321 1950 494 2019; x_wconf 76' lang='grc' dir='ltr'>Ρδειτειιιο</span> <span class='ocrx_word' id='word_1_110' title='bbox 518 1955 591 2019; x_wconf 84' lang='lat' dir='ltr'>loco</span> <span class='ocrx_word' id='word_1_111' title='bbox 606 1971 725 2036; x_wconf 85' lang='lat' dir='ltr'><strong>ponam</strong></span> <span class='ocrx_word' id='word_1_112' title='bbox 742 1958 841 2022; x_wconf 80' lang='lat' dir='ltr'><strong>verba</strong></span> <span class='ocrx_word' id='word_1_113' title='bbox 853 1956 1043 2038; x_wconf 73' lang='lat' dir='ltr'><strong>payaandi,</strong></span> <span class='ocrx_word' id='word_1_114' title='bbox 1060 1955 1116 2022; x_wconf 94' lang='lat' dir='ltr'>ubi</span> <span class='ocrx_word' id='word_1_115' title='bbox 1132 1955 1249 2038; x_wconf 84' lang='lat' dir='ltr'>duplex</span> <span class='ocrx_word' id='word_1_116' title='bbox 1265 1955 1315 2020; x_wconf 88' lang='lat' dir='ltr'>vis</span> <span class='ocrx_word' id='word_1_117' title='bbox 1329 1969 1469 2036; x_wconf 83' lang='grc' dir='ltr'>ρτοορο-</span> 
     </span>
     <span class='ocr_line' id='line_1_15' title="bbox 195 2057 1466 2148; baseline -0.001 -24"><span class='ocrx_word' id='word_1_118' title='bbox 195 2057 326 2125; x_wconf 86' lang='lat' dir='ltr'><strong>sitionis</strong></span> <span class='ocrx_word' id='word_1_119' title='bbox 351 2063 411 2124; x_wconf 83' lang='lat' dir='ltr'><strong>est:</strong></span> <span class='ocrx_word' id='word_1_120' title='bbox 436 2064 494 2125; x_wconf 87' lang='lat' dir='ltr'>ant</span> <span class='ocrx_word' id='word_1_121' title='bbox 517 2061 603 2125; x_wconf 87' lang='lat' dir='ltr'><strong>enim</strong></span> <span class='ocrx_word' id='word_1_122' title='bbox 627 2079 698 2126; x_wconf 86' lang='lat' dir='ltr'>eam</span> <span class='ocrx_word' id='word_1_123' title='bbox 724 2081 793 2128; x_wconf 87' lang='lat' dir='ltr'>rem</span> <span class='ocrx_word' id='word_1_124' title='bbox 818 2061 990 2148; x_wconf 80' lang='lat' dir='ltr'><strong>significat,</strong></span> <span class='ocrx_word' id='word_1_125' title='bbox 1015 2059 1054 2128; x_wconf 80' lang='lat' dir='ltr'>de</span> <span class='ocrx_word' id='word_1_126' title='bbox 1077 2083 1151 2146; x_wconf 88' lang='lat' dir='ltr'><strong>qua,</strong></span> <span class='ocrx_word' id='word_1_127' title='bbox 1176 2063 1198 2129; x_wconf 91' lang='lat' dir='ltr'>i.</span> <span class='ocrx_word' id='word_1_128' title='bbox 1228 2081 1256 2128; x_wconf 87' lang='lat' dir='ltr'>e.</span> <span class='ocrx_word' id='word_1_129' title='bbox 1272 2060 1466 2144; x_wconf 80' lang='lat' dir='ltr'><strong>plerumque</strong></span> 
     </span>
     <span class='ocr_line' id='line_1_16' title="bbox 196 2163 1467 2253; baseline 0.002 -24"><span class='ocrx_word' id='word_1_130' title='bbox 196 2163 290 2232; x_wconf 81' lang='lat' dir='ltr'><strong>auius</strong></span> <span class='ocrx_word' id='word_1_131' title='bbox 314 2165 546 2248; x_wconf 81' lang='lat' dir='ltr'><strong>adipiscendae</strong></span> <span class='ocrx_word' id='word_1_132' title='bbox 582 2185 681 2234; x_wconf 81' lang='lat' dir='ltr'><strong>cansa</strong></span> <span class='ocrx_word' id='word_1_133' title='bbox 716 2173 879 2252; x_wconf 83' lang='lat' dir='ltr'><strong>pugnatur</strong></span> <span class='ocrx_word' id='word_1_134' title='bbox 912 2171 975 2251; x_wconf 86' lang='lat' dir='ltr'>(„o‚</span> <span class='ocrx_word' id='word_1_135' title='bbox 1009 2169 1161 2250; x_wconf 55' lang='lat' dir='ltr'><strong>nan-aff)</strong></span> <span class='ocrx_word' id='word_1_136' title='bbox 1199 2169 1256 2253; x_wconf 87' lang='lat' dir='ltr'><strong>(a),</strong></span> <span class='ocrx_word' id='word_1_137' title='bbox 1296 2167 1352 2249; x_wconf 90' lang='lat' dir='ltr'>qni</span> <span class='ocrx_word' id='word_1_138' title='bbox 1387 2185 1467 2232; x_wconf 82' lang='lat' dir='ltr'><strong>unua</strong></span> 
     </span>
     <span class='ocr_line' id='line_1_17' title="bbox 194 2271 1467 2358; baseline 0 -22"><span class='ocrx_word' id='word_1_139' title='bbox 194 2289 258 2337; x_wconf 91' lang='lat' dir='ltr'>non</span> <span class='ocrx_word' id='word_1_140' title='bbox 282 2271 453 2340; x_wconf 81' lang='lat' dir='ltr'><strong>differtab</strong></span> <span class='ocrx_word' id='word_1_141' title='bbox 477 2291 526 2353; x_wconf 84' lang='lat' dir='ltr'>eo,</span> <span class='ocrx_word' id='word_1_142' title='bbox 551 2275 680 2358; x_wconf 81' lang='lat' dir='ltr'>dequo</span> <span class='ocrx_word' id='word_1_143' title='bbox 704 2275 800 2340; x_wconf 88' lang='lat' dir='ltr'><strong>modo</strong></span> <span class='ocrx_word' id='word_1_144' title='bbox 825 2276 961 2357; x_wconf 84' lang='lat' dir='ltr'><strong>egimus,</strong></span> <span class='ocrx_word' id='word_1_145' title='bbox 994 2281 1051 2340; x_wconf 83' lang='lat' dir='ltr'>aut</span> <span class='ocrx_word' id='word_1_146' title='bbox 1084 2293 1157 2340; x_wconf 83' lang='lat' dir='ltr'>eam</span> <span class='ocrx_word' id='word_1_147' title='bbox 1192 2293 1271 2349; x_wconf 77' lang='lat' dir='ltr'><strong>rem,</strong></span> <span class='ocrx_word' id='word_1_148' title='bbox 1306 2292 1367 2354; x_wconf 83' lang='lat' dir='ltr'>pro</span> <span class='ocrx_word' id='word_1_149' title='bbox 1391 2289 1467 2354; x_wconf 79' lang='lat' dir='ltr'><strong>qua,</strong></span> 
     </span>
     <span class='ocr_line' id='line_1_18' title="bbox 194 2379 1470 2466; baseline 0 -22"><span class='ocrx_word' id='word_1_150' title='bbox 194 2379 216 2444; x_wconf 90' lang='lat' dir='ltr'>i.</span> <span class='ocrx_word' id='word_1_151' title='bbox 242 2397 271 2444; x_wconf 89' lang='lat' dir='ltr'>e.</span> <span class='ocrx_word' id='word_1_152' title='bbox 297 2379 391 2444; x_wconf 82' lang='lat' dir='ltr'><strong>auius</strong></span> <span class='ocrx_word' id='word_1_153' title='bbox 416 2379 639 2446; x_wconf 78' lang='lat' dir='ltr'><strong>deiendendae</strong></span> <span class='ocrx_word' id='word_1_154' title='bbox 662 2399 761 2447; x_wconf 84' lang='lat' dir='ltr'><strong>causa</strong></span> <span class='ocrx_word' id='word_1_155' title='bbox 785 2387 949 2463; x_wconf 84' lang='lat' dir='ltr'><strong>pugnatur</strong></span> <span class='ocrx_word' id='word_1_156' title='bbox 972 2381 1082 2466; x_wconf 80' lang='lat' dir='ltr'><strong>(,‚aa“)</strong></span> <span class='ocrx_word' id='word_1_157' title='bbox 1106 2380 1165 2463; x_wconf 82' lang='grc' dir='ltr'>(δ),</span> <span class='ocrx_word' id='word_1_158' title='bbox 1189 2379 1246 2446; x_wconf 94' lang='lat' dir='ltr'>ubi</span> <span class='ocrx_word' id='word_1_159' title='bbox 1269 2381 1349 2458; x_wconf 83' lang='grc' dir='ltr'>ὑπέρ</span> <span class='ocrx_word' id='word_1_160' title='bbox 1366 2379 1470 2445; x_wconf 82' lang='lat' dir='ltr'><strong>usita-</strong></span> 
     </span>
    </p>
   </div>
   <div class='ocr_carea' id='block_1_5' title="bbox 94 2483 345 2568">
    <p class='ocr_par' dir='ltr' id='par_1_10' title="bbox 94 2483 345 2568">
     <span class='ocr_line' id='line_1_19' title="bbox 94 2483 345 2568; baseline -0.004 -19"><span class='ocrx_word' id='word_1_161' title='bbox 94 2565 97 2568; x_wconf 84' lang='lat'>.</span> <span class='ocrx_word' id='word_1_162' title='bbox 193 2483 261 2550; x_wconf 85' lang='lat' dir='ltr'><strong>tius</strong></span> <span class='ocrx_word' id='word_1_163' title='bbox 284 2490 345 2550; x_wconf 84' lang='lat' dir='ltr'><strong>ast.</strong></span> 
     </span>
    </p>
   </div>
   <div class='ocr_carea' id='block_1_6' title="bbox 194 2588 1474 4700">
    <p class='ocr_par' dir='ltr' id='par_1_11' title="bbox 197 2588 1469 2764">
     <span class='ocr_line' id='line_1_20' title="bbox 239 2588 1469 2675; baseline -0.002 -20"><span class='ocrx_word' id='word_1_164' title='bbox 239 2591 271 2672; x_wconf 88' lang='lat' dir='ltr'>a)</span> <span class='ocrx_word' id='word_1_165' title='bbox 297 2590 336 2654; x_wconf 80' lang='grc' dir='ltr'>Α.</span> <span class='ocrx_word' id='word_1_166' title='bbox 360 2591 401 2654; x_wconf 83' lang='grc'>25</span> <span class='ocrx_word' id='word_1_167' title='bbox 426 2592 648 2657; x_wconf 84' lang='grc' dir='ltr'>ὠστιοῦνται-</span> <span class='ocrx_word' id='word_1_168' title='bbox 659 2594 729 2671; x_wconf 89' lang='grc' dir='ltr'>περὶ</span> <span class='ocrx_word' id='word_1_169' title='bbox 740 2596 797 2657; x_wconf 83' lang='grc' dir='ltr'>τοῦ</span> <span class='ocrx_word' id='word_1_170' title='bbox 813 2595 942 2672; x_wconf 92' lang='grc' dir='ltr'>πρώτου</span> <span class='ocrx_word' id='word_1_171' title='bbox 958 2595 1054 2660; x_wconf 83' lang='grc' dir='ltr'>ξύλου</span> <span class='ocrx_word' id='word_1_172' title='bbox 1073 2609 1167 2675; x_wconf 80' lang='lat' dir='ltr'>„sese</span> <span class='ocrx_word' id='word_1_173' title='bbox 1184 2593 1328 2665; x_wconf 80' lang='lat' dir='ltr'><strong>trudent,</strong></span> <span class='ocrx_word' id='word_1_174' title='bbox 1344 2590 1383 2654; x_wconf 86' lang='lat' dir='ltr'>de</span> <span class='ocrx_word' id='word_1_175' title='bbox 1400 2588 1469 2671; x_wconf 91' lang='lat' dir='ltr'><strong>pri-</strong></span> 
     </span>
     <span class='ocr_line' id='line_1_21' title="bbox 197 2697 657 2764; baseline 0 -2"><span class='ocrx_word' id='word_1_176' title='bbox 197 2715 251 2762; x_wconf 89' lang='lat' dir='ltr'>mo</span> <span class='ocrx_word' id='word_1_177' title='bbox 276 2697 432 2763; x_wconf 87' lang='lat' dir='ltr'><strong>subsellio</strong></span> <span class='ocrx_word' id='word_1_178' title='bbox 459 2701 657 2764; x_wconf 84' lang='lat' dir='ltr'><strong>certantes“.</strong></span> 
     </span>
    </p>

    <p class='ocr_par' dir='ltr' id='par_1_12' title="bbox 194 2801 1468 2994">
     <span class='ocr_line' id='line_1_22' title="bbox 240 2801 1467 2886; baseline 0 -18"><span class='ocrx_word' id='word_1_179' title='bbox 240 2801 280 2873; x_wconf 83' lang='lat' dir='ltr'>E.</span> <span class='ocrx_word' id='word_1_180' title='bbox 307 2807 370 2870; x_wconf 84' lang='grc'>339</span> <span class='ocrx_word' id='word_1_181' title='bbox 394 2807 465 2883; x_wconf 78' lang='grc' dir='ltr'>περὶ</span> <span class='ocrx_word' id='word_1_182' title='bbox 494 2808 550 2870; x_wconf 86' lang='grc' dir='ltr'>τοῦ</span> <span class='ocrx_word' id='word_1_183' title='bbox 585 2805 742 2884; x_wconf 89' lang='grc' dir='ltr'>πρότερος</span> <span class='ocrx_word' id='word_1_184' title='bbox 776 2805 1162 2885; x_wconf 84' lang='grc' dir='ltr'>εἰπεῖν-διαμαχοῦμαι,</span> <span class='ocrx_word' id='word_1_185' title='bbox 1202 2823 1297 2886; x_wconf 87' lang='lat' dir='ltr'><strong>quam</strong></span> <span class='ocrx_word' id='word_1_186' title='bbox 1335 2821 1467 2868; x_wconf 82' lang='lat' dir='ltr'><strong>vernum</strong></span> 
     </span>
     <span class='ocr_line' id='line_1_23' title="bbox 194 2894 1468 2994; baseline -0.002 -19"><span class='ocrx_word' id='word_1_187' title='bbox 194 2903 399 2990; x_wconf 72' lang='grc' dir='ltr'>ΜοῖιιοΙιουο,</span> <span class='ocrx_word' id='word_1_188' title='bbox 423 2911 504 2977; x_wconf 83' lang='lat' dir='ltr'><strong>duca</strong></span> <span class='ocrx_word' id='word_1_189' title='bbox 527 2909 710 2990; x_wconf 89' lang='lat' dir='ltr'><strong>Dindorfio‚</strong></span> <span class='ocrx_word' id='word_1_190' title='bbox 734 2916 772 2977; x_wconf 86' lang='lat' dir='ltr'>ut</span> <span class='ocrx_word' id='word_1_191' title='bbox 796 2894 1019 2985; x_wconf 71' lang='lat' dir='ltr'><strong>subditicium&#39;,</strong></span> <span class='ocrx_word' id='word_1_192' title='bbox 1051 2911 1084 2976; x_wconf 93' lang='lat' dir='ltr'>in</span> <span class='ocrx_word' id='word_1_193' title='bbox 1121 2911 1300 2994; x_wconf 82' lang='lat' dir='ltr'><strong>marginem</strong></span> <span class='ocrx_word' id='word_1_194' title='bbox 1340 2908 1468 2974; x_wconf 75' lang='lat' dir='ltr'><strong>reiecit.</strong></span> 
     </span>
    </p>

    <p class='ocr_par' dir='ltr' id='par_1_13' title="bbox 196 3017 1469 3203">
     <span class='ocr_line' id='line_1_24' title="bbox 238 3017 1469 3102; baseline -0.001 -20"><span class='ocrx_word' id='word_1_195' title='bbox 238 3017 278 3084; x_wconf 86' lang='lat' dir='ltr'>N.</span> <span class='ocrx_word' id='word_1_196' title='bbox 305 3022 346 3083; x_wconf 91' lang='grc'>62</span> <span class='ocrx_word' id='word_1_197' title='bbox 370 3021 442 3098; x_wconf 80' lang='grc' dir='ltr'>περὶ</span> <span class='ocrx_word' id='word_1_198' title='bbox 462 3017 965 3100; x_wconf 81' lang='grc' dir='ltr'>τούνόματος-ἐλοιδορούμεθα,</span> <span class='ocrx_word' id='word_1_199' title='bbox 983 3021 1047 3102; x_wconf 69' lang='grc'>936</span> <span class='ocrx_word' id='word_1_200' title='bbox 1065 3019 1105 3097; x_wconf 84' lang='grc' dir='ltr'>ἧς</span> <span class='ocrx_word' id='word_1_201' title='bbox 1134 3017 1329 3101; x_wconf 68' lang='grc' dir='ltr'>(εσοφίας)</span> <span class='ocrx_word' id='word_1_202' title='bbox 1354 3020 1469 3095; x_wconf 87' lang='grc' dir='ltr'>πέρι-</span> 
     </span>
     <span class='ocr_line' id='line_1_25' title="bbox 196 3124 578 3203; baseline 0 -14"><span class='ocrx_word' id='word_1_203' title='bbox 196 3125 285 3189; x_wconf 88' lang='grc' dir='ltr'>ἔστιν</span> <span class='ocrx_word' id='word_1_204' title='bbox 309 3124 397 3200; x_wconf 87' lang='grc' dir='ltr'>ἀγὼν</span> <span class='ocrx_word' id='word_1_205' title='bbox 421 3126 578 3203; x_wconf 88' lang='grc' dir='ltr'>μέγιστος.</span> 
     </span>
    </p>

    <p class='ocr_par' dir='ltr' id='par_1_14' title="bbox 198 3227 1470 3417">
     <span class='ocr_line' id='line_1_26' title="bbox 240 3227 1470 3313; baseline 0 -20"><span class='ocrx_word' id='word_1_206' title='bbox 240 3227 279 3297; x_wconf 84' lang='lat' dir='ltr'>V.</span> <span class='ocrx_word' id='word_1_207' title='bbox 306 3233 365 3292; x_wconf 90' lang='grc'>191</span> <span class='ocrx_word' id='word_1_208' title='bbox 391 3232 462 3308; x_wconf 92' lang='grc' dir='ltr'>περὶ</span> <span class='ocrx_word' id='word_1_209' title='bbox 484 3231 541 3295; x_wconf 84' lang='grc' dir='ltr'>τοῦ</span> <span class='ocrx_word' id='word_1_210' title='bbox 566 3233 657 3310; x_wconf 84' lang='grc' dir='ltr'>μαχεῖ</span> <span class='ocrx_word' id='word_1_211' title='bbox 679 3235 745 3311; x_wconf 84' lang='grc' dir='ltr'>νῷν</span> <span class='ocrx_word' id='word_1_212' title='bbox 769 3229 975 3308; x_wconf 73' lang='grc' dir='ltr'>δῆτα-περὶ</span> <span class='ocrx_word' id='word_1_213' title='bbox 998 3227 1077 3294; x_wconf 83' lang='grc' dir='ltr'>ὄνου</span> <span class='ocrx_word' id='word_1_214' title='bbox 1101 3233 1194 3307; x_wconf 84' lang='grc' dir='ltr'>σκιᾶς</span> <span class='ocrx_word' id='word_1_215' title='bbox 1217 3230 1273 3313; x_wconf 87' lang='lat' dir='ltr'><strong>(cf.</strong></span> <span class='ocrx_word' id='word_1_216' title='bbox 1300 3227 1353 3292; x_wconf 75' lang='lat' dir='ltr'>Fr.</span> <span class='ocrx_word' id='word_1_217' title='bbox 1382 3228 1470 3309; x_wconf 83' lang='lat'>192).</span> 
     </span>
     <span class='ocr_line' id='line_1_27' title="bbox 198 3337 1121 3417; baseline 0 -17"><span class='ocrx_word' id='word_1_218' title='bbox 198 3339 262 3402; x_wconf 86' lang='grc'>534</span> <span class='ocrx_word' id='word_1_219' title='bbox 286 3339 340 3402; x_wconf 82' lang='grc' dir='ltr'>σοὶ</span> <span class='ocrx_word' id='word_1_220' title='bbox 363 3339 461 3415; x_wconf 89' lang='grc' dir='ltr'>μέγας</span> <span class='ocrx_word' id='word_1_221' title='bbox 484 3338 571 3402; x_wconf 80' lang='grc' dir='ltr'>ἐστὶν</span> <span class='ocrx_word' id='word_1_222' title='bbox 594 3337 682 3413; x_wconf 85' lang='grc' dir='ltr'>ἁγὼν</span> <span class='ocrx_word' id='word_1_223' title='bbox 706 3339 756 3402; x_wconf 91' lang='grc' dir='ltr'>καὶ</span> <span class='ocrx_word' id='word_1_224' title='bbox 778 3340 850 3417; x_wconf 88' lang='grc' dir='ltr'>περὶ</span> <span class='ocrx_word' id='word_1_225' title='bbox 872 3341 937 3401; x_wconf 82' lang='grc' dir='ltr'>τῶν</span> <span class='ocrx_word' id='word_1_226' title='bbox 961 3337 1121 3402; x_wconf 87' lang='grc' dir='ltr'>ἁπάντων.</span> 
     </span>
    </p>

    <p class='ocr_par' dir='ltr' id='par_1_15' title="bbox 240 3446 951 3524">
     <span class='ocr_line' id='line_1_28' title="bbox 240 3446 951 3524; baseline -0.003 -14"><span class='ocrx_word' id='word_1_227' title='bbox 240 3447 298 3510; x_wconf 82' lang='grc' dir='ltr'>Αν.</span> <span class='ocrx_word' id='word_1_228' title='bbox 321 3448 404 3508; x_wconf 88' lang='grc'>1639</span> <span class='ocrx_word' id='word_1_229' title='bbox 428 3447 499 3523; x_wconf 89' lang='grc' dir='ltr'>περὶ</span> <span class='ocrx_word' id='word_1_230' title='bbox 520 3446 951 3524; x_wconf 82' lang='grc' dir='ltr'>γυναικὸς-πολεμήσομεν.</span> 
     </span>
    </p>

    <p class='ocr_par' dir='ltr' id='par_1_16' title="bbox 239 3549 1046 3634">
     <span class='ocr_line' id='line_1_29' title="bbox 239 3549 1046 3634; baseline -0.002 -18"><span class='ocrx_word' id='word_1_231' title='bbox 239 3549 279 3620; x_wconf 87' lang='lat' dir='ltr'>L.</span> <span class='ocrx_word' id='word_1_232' title='bbox 306 3554 389 3614; x_wconf 81' lang='grc'>1172</span> <span class='ocrx_word' id='word_1_233' title='bbox 414 3553 511 3631; x_wconf 79' lang='grc' dir='ltr'>μηδὲν</span> <span class='ocrx_word' id='word_1_234' title='bbox 534 3553 690 3634; x_wconf 88' lang='grc' dir='ltr'>διαφέρου</span> <span class='ocrx_word' id='word_1_235' title='bbox 720 3556 791 3632; x_wconf 88' lang='grc' dir='ltr'>περὶ</span> <span class='ocrx_word' id='word_1_236' title='bbox 813 3557 883 3617; x_wconf 86' lang='grc' dir='ltr'>τοῖν</span> <span class='ocrx_word' id='word_1_237' title='bbox 907 3553 1046 3618; x_wconf 83' lang='grc' dir='ltr'>σκελοῖν.</span> 
     </span>
    </p>

    <p class='ocr_par' dir='ltr' id='par_1_17' title="bbox 239 3659 949 3742">
     <span class='ocr_line' id='line_1_30' title="bbox 239 3659 949 3742; baseline 0.006 -18"><span class='ocrx_word' id='word_1_238' title='bbox 239 3659 278 3725; x_wconf 88' lang='lat' dir='ltr'>R.</span> <span class='ocrx_word' id='word_1_239' title='bbox 304 3665 367 3724; x_wconf 82' lang='grc'>193</span> <span class='ocrx_word' id='word_1_240' title='bbox 391 3663 462 3741; x_wconf 85' lang='grc' dir='ltr'>περὶ</span> <span class='ocrx_word' id='word_1_241' title='bbox 485 3665 542 3740; x_wconf 86' lang='grc' dir='ltr'>τῆς</span> <span class='ocrx_word' id='word_1_242' title='bbox 564 3663 677 3742; x_wconf 87' lang='grc' dir='ltr'>τέχνης</span> <span class='ocrx_word' id='word_1_243' title='bbox 701 3667 949 3740; x_wconf 83' lang='grc' dir='ltr'>διαγωνιεῖσθαι</span> 
     </span>
    </p>

    <p class='ocr_par' dir='ltr' id='par_1_18' title="bbox 239 3766 1393 3850">
     <span class='ocr_line' id='line_1_31' title="bbox 239 3766 1393 3850; baseline 0.003 -19"><span class='ocrx_word' id='word_1_244' title='bbox 239 3766 297 3833; x_wconf 85' lang='lat' dir='ltr'>Ec.</span> <span class='ocrx_word' id='word_1_245' title='bbox 323 3769 385 3832; x_wconf 95' lang='grc'>622</span> <span class='ocrx_word' id='word_1_246' title='bbox 410 3769 480 3850; x_wconf 83' lang='grc' dir='ltr'>οὐχὶ</span> <span class='ocrx_word' id='word_1_247' title='bbox 504 3774 804 3849; x_wconf 79' lang='grc' dir='ltr'>μαχοῦνται-περὶ</span> <span class='ocrx_word' id='word_1_248' title='bbox 826 3771 1013 3848; x_wconf 65' lang='grc' dir='ltr'>τοίω-περὶ</span> <span class='ocrx_word' id='word_1_249' title='bbox 1034 3773 1091 3834; x_wconf 85' lang='grc' dir='ltr'>τοῦ</span> <span class='ocrx_word' id='word_1_250' title='bbox 1117 3771 1393 3848; x_wconf 85' lang='grc' dir='ltr'>ξυγκαταδαρθεῖν.</span> 
     </span>
    </p>

    <p class='ocr_par' dir='ltr' id='par_1_19' title="bbox 200 3873 1471 4064">
     <span class='ocr_line' id='line_1_32' title="bbox 240 3873 1471 3958; baseline 0.002 -19"><span class='ocrx_word' id='word_1_251' title='bbox 240 3873 289 3939; x_wconf 90' lang='lat' dir='ltr'>Pl.</span> <span class='ocrx_word' id='word_1_252' title='bbox 314 3877 377 3937; x_wconf 82' lang='lat'>524</span> <span class='ocrx_word' id='word_1_253' title='bbox 398 3878 593 3942; x_wconf 87' lang='grc' dir='ltr'>κινδυνεύων</span> <span class='ocrx_word' id='word_1_254' title='bbox 626 3881 698 3956; x_wconf 81' lang='grc' dir='ltr'>περὶ</span> <span class='ocrx_word' id='word_1_255' title='bbox 727 3883 785 3955; x_wconf 87' lang='grc' dir='ltr'>τῆς</span> <span class='ocrx_word' id='word_1_256' title='bbox 819 3882 925 3956; x_wconf 88' lang='grc' dir='ltr'>ψυχῆς</span> <span class='ocrx_word' id='word_1_257' title='bbox 959 3877 1099 3958; x_wconf 82' lang='lat' dir='ltr'><strong>„capitis</strong></span> <span class='ocrx_word' id='word_1_258' title='bbox 1135 3881 1299 3941; x_wconf 79' lang='lat' dir='ltr'><strong>certamen</strong></span> <span class='ocrx_word' id='word_1_259' title='bbox 1331 3875 1471 3941; x_wconf 80' lang='lat' dir='ltr'><strong>iniens“.</strong></span> 
     </span>
     <span class='ocr_line' id='line_1_33' title="bbox 200 3983 852 4064; baseline 0.005 -18"><span class='ocrx_word' id='word_1_260' title='bbox 200 3985 283 4047; x_wconf 80' lang='lat'>1076</span> <span class='ocrx_word' id='word_1_261' title='bbox 308 3985 379 4062; x_wconf 86' lang='grc' dir='ltr'>περὶ</span> <span class='ocrx_word' id='word_1_262' title='bbox 402 3986 519 4062; x_wconf 87' lang='grc' dir='ltr'>ταύτης</span> <span class='ocrx_word' id='word_1_263' title='bbox 544 3983 583 4048; x_wconf 87' lang='grc' dir='ltr'>οὐ</span> <span class='ocrx_word' id='word_1_264' title='bbox 608 3985 765 4064; x_wconf 82' lang='grc' dir='ltr'>μαχοῦμαί</span> <span class='ocrx_word' id='word_1_265' title='bbox 789 4002 852 4050; x_wconf 89' lang='grc' dir='ltr'>σοι.</span> 
     </span>
    </p>

    <p class='ocr_par' dir='ltr' id='par_1_20' title="bbox 197 4085 1473 4274">
     <span class='ocr_line' id='line_1_34' title="bbox 240 4085 1473 4169; baseline -0.001 -16"><span class='ocrx_word' id='word_1_266' title='bbox 240 4087 293 4153; x_wconf 87' lang='lat' dir='ltr'>Fr&#39;.</span> <span class='ocrx_word' id='word_1_267' title='bbox 320 4091 394 4169; x_wconf 81' lang='grc'>132,</span> <span class='ocrx_word' id='word_1_268' title='bbox 422 4092 507 4152; x_wconf 93' lang='grc'>1-2</span> <span class='ocrx_word' id='word_1_269' title='bbox 531 4091 601 4166; x_wconf 90' lang='grc' dir='ltr'>περὶ</span> <span class='ocrx_word' id='word_1_270' title='bbox 624 4093 680 4154; x_wconf 86' lang='grc' dir='ltr'>τοῦ</span> <span class='ocrx_word' id='word_1_271' title='bbox 704 4093 765 4168; x_wconf 92' lang='grc' dir='ltr'>γὰρ</span> <span class='ocrx_word' id='word_1_272' title='bbox 789 4092 862 4169; x_wconf 84' lang='grc' dir='ltr'>ὑμῖν</span> <span class='ocrx_word' id='word_1_273' title='bbox 887 4087 905 4152; x_wconf 88' lang='grc' dir='ltr'>ὁ</span> <span class='ocrx_word' id='word_1_274' title='bbox 928 4089 1070 4168; x_wconf 82' lang='grc' dir='ltr'>πόλεμος</span> <span class='ocrx_word' id='word_1_275' title='bbox 1101 4091 1159 4154; x_wconf 85' lang='grc' dir='ltr'>νῦν</span> <span class='ocrx_word' id='word_1_276' title='bbox 1187 4090 1264 4166; x_wconf 72' lang='grc' dir='ltr'>ἔστα</span> <span class='ocrx_word' id='word_1_277' title='bbox 1289 4091 1359 4167; x_wconf 82' lang='grc' dir='ltr'>περὶ</span> <span class='ocrx_word' id='word_1_278' title='bbox 1393 4085 1473 4154; x_wconf 81' lang='grc' dir='ltr'>ὄνου</span> 
     </span>
     <span class='ocr_line' id='line_1_35' title="bbox 197 4201 298 4274; baseline -0.02 -12"><span class='ocrx_word' id='word_1_279' title='bbox 197 4201 298 4274; x_wconf 88' lang='grc' dir='ltr'>σκιᾶς.</span> 
     </span>
    </p>

    <p class='ocr_par' dir='ltr' id='par_1_21' title="bbox 201 4301 1473 4491">
     <span class='ocr_line' id='line_1_36' title="bbox 241 4301 1473 4386; baseline 0 -20"><span class='ocrx_word' id='word_1_280' title='bbox 241 4301 315 4368; x_wconf 81' lang='lat' dir='ltr'>Huc</span> <span class='ocrx_word' id='word_1_281' title='bbox 331 4302 476 4384; x_wconf 81' lang='lat' dir='ltr'><strong>partinet</strong></span> <span class='ocrx_word' id='word_1_282' title='bbox 492 4301 591 4366; x_wconf 80' lang='lat' dir='ltr'><strong>eiiam</strong></span> <span class='ocrx_word' id='word_1_283' title='bbox 606 4302 740 4368; x_wconf 88' lang='lat' dir='ltr'>verbum</span> <span class='ocrx_word' id='word_1_284' title='bbox 757 4301 943 4382; x_wconf 82' lang='grc' dir='ltr'>περιδόσθαι</span> <span class='ocrx_word' id='word_1_285' title='bbox 959 4304 1030 4382; x_wconf 84' lang='grc' dir='ltr'>περί</span> <span class='ocrx_word' id='word_1_286' title='bbox 1046 4324 1132 4381; x_wconf 86' lang='grc' dir='ltr'>τινος</span> <span class='ocrx_word' id='word_1_287' title='bbox 1154 4301 1321 4384; x_wconf 83' lang='lat' dir='ltr'><strong>„deposito</strong></span> <span class='ocrx_word' id='word_1_288' title='bbox 1336 4303 1473 4386; x_wconf 84' lang='lat' dir='ltr'><strong>pignora</strong></span> 
     </span>
     <span class='ocr_line' id='line_1_37' title="bbox 201 4408 583 4491; baseline 0 -19"><span class='ocrx_word' id='word_1_289' title='bbox 201 4415 329 4472; x_wconf 83' lang='lat' dir='ltr'><strong>certare</strong></span> <span class='ocrx_word' id='word_1_290' title='bbox 352 4409 393 4474; x_wconf 86' lang='lat' dir='ltr'>de</span> <span class='ocrx_word' id='word_1_291' title='bbox 418 4408 493 4491; x_wconf 87' lang='lat' dir='ltr'><strong>aiqa</strong></span> <span class='ocrx_word' id='word_1_292' title='bbox 515 4409 583 4473; x_wconf 83' lang='lat' dir='ltr'>ra“.</span> 
     </span>
    </p>

    <p class='ocr_par' dir='ltr' id='par_1_22' title="bbox 200 4515 1474 4700">
     <span class='ocr_line' id='line_1_38' title="bbox 243 4515 1474 4598; baseline 0.001 -20"><span class='ocrx_word' id='word_1_293' title='bbox 243 4517 280 4583; x_wconf 83' lang='lat' dir='ltr'>A.</span> <span class='ocrx_word' id='word_1_294' title='bbox 308 4517 370 4578; x_wconf 80' lang='grc'>712</span> <span class='ocrx_word' id='word_1_295' title='bbox 394 4518 524 4596; x_wconf 83' lang='grc' dir='ltr'>περίδου</span> <span class='ocrx_word' id='word_1_296' title='bbox 549 4535 600 4594; x_wconf 90' lang='grc' dir='ltr'>μοι</span> <span class='ocrx_word' id='word_1_297' title='bbox 623 4518 694 4594; x_wconf 83' lang='grc' dir='ltr'>περὶ</span> <span class='ocrx_word' id='word_1_298' title='bbox 718 4520 877 4595; x_wconf 89' lang='grc' dir='ltr'>θυμιτιδᾶν</span> <span class='ocrx_word' id='word_1_299' title='bbox 901 4515 999 4590; x_wconf 83' lang='grc' dir='ltr'>ἁλῶν,</span> <span class='ocrx_word' id='word_1_300' title='bbox 1024 4531 1108 4598; x_wconf 84' lang='lat' dir='ltr'><strong>quae</strong></span> <span class='ocrx_word' id='word_1_301' title='bbox 1127 4515 1228 4582; x_wconf 80' lang='lat' dir='ltr'><strong>verba</strong></span> <span class='ocrx_word' id='word_1_302' title='bbox 1244 4515 1388 4582; x_wconf 88' lang='lat' dir='ltr'><strong>hominis</strong></span> <span class='ocrx_word' id='word_1_303' title='bbox 1405 4515 1474 4581; x_wconf 89' lang='lat' dir='ltr'>Me-</span> 
     </span>
     <span class='ocr_line' id='line_1_39' title="bbox 200 4618 459 4700; baseline 0.015 -18"><span class='ocrx_word' id='word_1_304' title='bbox 200 4618 349 4700; x_wconf 84' lang='lat' dir='ltr'><strong>garensis</strong></span> <span class='ocrx_word' id='word_1_305' title='bbox 374 4625 459 4686; x_wconf 86' lang='lat' dir='ltr'><strong>sunt.</strong></span> 
     </span>
    </p>
   </div>
   <div class='ocr_carea' id='block_1_7' title="bbox 0 0 1673 5372">
    <p class='ocr_par' dir='ltr' id='par_1_23' title="bbox 0 0 1673 5372">
     <span class='ocr_line' id='line_1_40' title="bbox 0 0 1673 5372; baseline 0 0"><span class='ocrx_word' id='word_1_306' title='bbox 0 0 1673 5372; x_wconf 95' lang='lat' dir='ltr'> </span> 
     </span>
    </p>
   </div>
  </div>
 </body>
</html>
