3328 5370
651 498 694 526 ..·..
713 471 759 538 617
784 511 828 524 .-

139 648 199 711 λν.
225 648 292 710 487
313 647 373 725 τὴν
395 633 916 726 τίανοπλίαν-,νκρεμάσατον-εἰς
937 645 1002 710 τόν
1019 635 1113 711 ἰπνὸν
1135 646 1216 711 είσω
1236 647 1376 725 πλησίον

97 755 317 821 τούπιστάτου
343 751 559 836 ,ίιιίιιιίιιιιιιί
585 752 638 818 vel
664 751 882 834 ¹‚cuminum“.
906 739 971 816 ’642
996 749 1148 818 εἰσέλθοι·
1161 753 1206 831 είς
1220 747 1375 818 νεοττιάν.

99 865 159 928 791
188 861 250 927 ούκ
274 859 314 925 ἂν
337 861 471 928 ἐξίδισεν
492 860 538 939 εἰς
562 860 736 939 θοίμάτιον.
775 863 859 924 1146
883 860 1010 938 εἰςτὰς
1038 860 1180 980 λεκάνας
1198 857 1378 940 ἐνέβαλλον

95 967 170 1052 (τὸν
191 965 320 1048 πηλόν);
345 966 481 1031 eandem
495 983 672 1030 νοοοιιιν.
697 964 798 1030 infr
824 968 955 1044 387,6.
1040 973 1043 980 ’

137 1073 179 1142 L.
203 1076 266 1138 188
290 1071 336 1150 εἰς
372 1073 553 1137 ἀσπίδα-
511 1073 864 1156 -μηλοσφυτσύσας
888 1071 976 1155 quod
1008 1072 1145 1137 verbum
1184 1071 1374 1140 infundendi

101 1180 259 1264 quandam
283 1179 452 1246 notionem
475 1179 587 1244 habet.
613 1184 675 1244 196
700 1182 740 1260 μὴ
753 1181 852 1258 -είς
876 1179 983 1246 ἀσπίδ’
1012 1180 1150 1265 ὀμόσῃς,
1175 1179 1215 1245 de
1238 1199 1302 1264 quu
1326 1180 1377 1245 in·

105 1287 220 1354 solenti
251 1287 422 1352 locutione
458 1307 488 1351 v.
523 1286 666 1352 Meinek.
690 1286 789 1353 Viud.
827 1305 859 1369 p.
885 1291 958 1352 120.
972 1321 1014 1338 -
1030 1291 1092 1352 197
1117 1289 1162 1367 εἰς
1183 1289 1242 1367 τὴν
1265 1288 1374 1353 κύλικα

102 1395 141 1474 μη
166 1391 276 1473 ’πιχεῖν
297 1393 397 1472 ὕδωρ.
423 1397 488 1460 808
510 1384 568 1474 τῆξ
591 1394 825 1473 ἀμπέλου-εἰς
847 1397 906 1473 τὴν
920 1393 1040 1474 χύτραν
1059 1395 1118 1460 τὸν
1133 1395 1242 1475 φανὸν
1258 1395 1376 1472 ἐγκαθ-

98 1505 195 1580 έντες.
219 1504 284 1565 562
310 1501 354 1580 εἰς
377 1503 435 1567 τάν
457 1497 598 1582 χαλκοῦν
621 1503 858 1582 ἐμβαλλόμενον
880 1506 975 1568 πῖλον
1005 1503 1140 1568 λέκιθον.
1166 1505 1230 1566 579
1261 1503 1376 1568 ξαίνειν

96 1609 139 1688 εἰς
162 1610 362 1674 καλαθίσκον
385 1611 495 1688 κοινὴν
519 1609 658 1676 εὔνοιαν.
684 1612 749 1674 754
773 1607 853 1693 (uva)
869 1607 986 1688 τέκοιμ’
1011 1609 1056 1687 εἰς
1078 1611 1137 1687 τὴν
1160 1612 1269 1687 κυνῆν.

134 1711 197 1780 Ee.
221 1715 287 1777 346
313 1713 358 1792 εἰς
379 1717 425 1778 τὼ
441 1715 589 1793 κοθόρνω
613 1717 659 1780 τὼ
682 1708 755 1779 πόδ’
780 1715 892 1792 ἐνθείς.
1220 1761 1223 1769 .

135 1819 186 1888 Pl.
213 1821 276 1886 681
303 1816 394 1884 ταῦθ’
417 1820 523 1898 ἥγιζεν
547 1821 591 1899 είς
615 1823 738 1888 σακτάν
760 1841 840 1887 τινα.
864 1823 952 1886 1108
962 1820 1010 1900 εἰς
1024 1818 1144 1886 ταύτόν
1158 1821 1239 1899 ύμᾶς
1256 1836 1374 1897 συγκυ-

96 1928 200 2006 κήσας
222 1928 384 2008 τρύβλιον.

134 2033 191 2099 Fr.
219 2038 285 2099 269
310 2034 355 2112 εἰς
379 2033 623 2112 κάδον-οὔρει.
648 2037 722 2110 387,
749 2041 767 2098 6
790 2035 998 2114 τρυγὸς-υείς
1021 2035 1158 2113 λεκάνην
1177 2035 1372 2115 ἠθουμένης,

138 2142 174 2224 d)
199 2139 391 2223 Sequuntur
415 2161 468 2206 res
490 2140 581 2206 uarii
615 2142 755 2224 ρονονίο.
842 2186 847 2198 .

135 2247 174 2319 N.
201 2251 267 2313 150
290 2250 449 2328 ἐνέβαψεν
476 2249 521 2327 εἰς
553 2251 611 2315 τόν
633 2250 734 2328 κηρόν
757 2246 857 2327 αὐτῆς
891 2253 936 2314 τὼ
972 2248 1065 2314 πόδε.
1095 2252 1158 2314 286
1193 2247 1372 2328 ἡφροντὶς

94 2357 180 2422 ἕλκει
201 2358 261 2434 τὴν
282 2355 386 2434 ἰκμάδ)
408 2356 452 2433 εἰς
473 2357 514 2420 τὰ
541 2356 695 2434 κάρδαμα.
955 2407 959 2414 .

136 2461 178 2531 V.
206 2463 266 2524 131
294 2461 476 2539 παττάλους
498 2462 669 2539 ἐνέκρουεν
692 2461 737 2539 εἰς
757 2464 815 2528 τὸν
837 2465 957 2541 τοῖχον.
983 2464 1047 2526 200
1068 2463 1129 2540 τὴν
1156 2465 1297 2542 βάλανον
1321 2461 1374 2540 ἐμ-

95 2567 284 2648 βαλλε-εἰς
317 2569 375 2633 τὸν
408 2569 537 2648 μοχλόν.
574 2569 634 2632 361
662 2568 707 2647 εἰς
731 2568 870 2656 όξάλμῃν
894 2569 1021 2648 ἔμβαλε.
1047 2573 1111 2633 910
1134 2568 1373 2647 άπαδρὰςψ-είς

93 2678 154 2754 τὴν
173 2675 305 2751 γωνίαν.
333 2677 417 2739 1310
441 2674 486 2752 εἰς
510 2675 653 2756 ἀχυρμὸν
677 2675 920 2752 ἀποδεδρακότι.

136 2783 198 2846 Αν.
224 2782 288 2844 202
325 2780 528 2860 εἰσβὰς-είς
560 2783 619 2860 τὴν
654 2782 785 2862 λόχμην.
821 2781 885 2846 207
910 2782 954 2860 εἰς
976 2783 1035 2860 τὴν
1068 2782 1187 2862 λόχμην
1218 2782 1374 2862 είσβαινε.

93 2889 158 2952 265
183 2888 229 2966 είς
251 2889 310 2966 τὴν
333 2889 453 2967 λόχμην
484 2887 606 2966 εἰσβάς.
631 2891 697 2952 400
721 2886 813 2966 ἄναγ’
846 2890 890 2968 είς
914 2891 1012 2956 τάξιν.
1023 2893 1087 2954 643
1114 2888 1263 2966 εἰσέλθετ’
1285 2889 1375 2968 είς-

91 2999 177 3077 τάμὰ
200 2997 308 3078 κάρφη
333 3001 383 3062 καὶ
405 3001 445 3063 τὰ
467 2999 612 3075 παρόντα
636 2999 795 3078 φρύγανα.

140 3103 178 3168 L.
204 3107 269 3169 680
292 3105 336 3182 είς
359 3105 550 3184 τετρημένον
573 3105 668 3172 ξύλον
691 3107 1032 3186 ἐγκαθαρμόσαι-τόν
1054 3107 1187 3188 αύχένα.

135 3210 197 3280 Εσ.
223 3213 264 3275 12
289 3217 400 3291 μηρῶν
423 3212 467 3291 είς
492 3212 696 3292 ἀπορρήτους
720 3214 839 3293 μυχοὺς
864 3217 1005 3295 λάμπεις.

136 3317 187 3387 Pl.
214 3321 278 3382 606
303 3317 364 3396 είμι
388 3319 423 3382 δὲ
445 3323 503 3383 ποῑ
524 3319 688 3398 γῆς-είς
710 3322 768 3385 τόν
791 3319 936 3399 κύφωνα.

134 3424 192 3489 Fr.
219 3427 237 3486 7
242 3427 261 3488 6
285 3423 330 3501 εἰς
353 3424 456 3504 ἄχυρα
480 3428 531 3490 καὶ
554 3430 662 3506 χνοῦν,
686 3426 743 3491 ubi
770 3427 908 3492 verbum
933 3425 1097 3491 incidendi
1113 3425 1212 3494 simul
1225 3427 1372 3500 auditur.

98 3535 170 3608 151,
196 3535 215 3595 2
240 3531 286 3608 εἰς
306 3527 382 3608 ὄξος
406 3532 666 3612 ἐμβαπτομένους
689 3535 708 3611 ἢ
733 3535 851 3612 ξηροὺς
874 3535 965 3612 ἅλας.

137 3638 214 3704 Ηιιο
237 3638 330 3703 ιιάάοΙ
348 3657 448 3704 unum
473 3639 593 3720 locum,
616 3640 673 3704 ubi
697 3641 739 3705 de
761 3660 799 3704 re
822 3641 990 3709 abstracta
1013 3641 1132 3723 agitur:

137 3745 174 3809 R.
200 3748 266 3810 850
290 3746 613 3825 γάμους-ἀνοσίους
638 3747 801 3827 εἰσφέρων
824 3748 868 3826 εἰς
891 3750 949 3827 τὴν
971 3746 1110 3833 τέχνην.ίΙ

137 3853 169 3933 e)
192 3853 262 3917 Iam
286 3849 466 3916 afferamus
491 3871 549 3920 eos
573 3855 675 3931 locos,
699 3854 755 3919 ubi
779 3855 819 3918 de
844 3859 934 3919 motu
957 3854 1010 3919 vel
1034 3856 1164 3922 actione
1188 3856 1309 3938 aliqua,
1333 3855 1368 3922 in

94 3977 210 4039 ωιρυο
226 3963 409 4040 partesque
432 3956 502 4021 eius
526 3960 665 4039 directa,
690 3961 810 4043 agitur.

137 4065 323 4144 γαστηρε
348 4065 387 4129 V.
414 4066 500 4128 1020
524 4068 568 4146 εἰς
592 4068 761 4147 ἀλλοτρίας
783 4069 943 4148 γαστέρας
967 4068 1061 4147 ἐνδύς
1089 4069 1141 4150 „in
1164 4069 1290 4135 alienos
1319 4070 1370 4135 iu-

97 4189 228 4252 gressus
250 4174 415 4249 ventres“‚
440 4171 497 4235 ubi
522 4175 625 4240 schol.
649 4173 691 4238 V:
716 4177 784 4242 ἀντὶ
806 4179 864 4239 τού
891 4176 1000 4252 εἰπεῖν,
1014 4175 1064 4242 ότι
1087 4177 1245 4255 πρότερον
1260 4177 1369 4256 ἄλλοις

98 4277 201 4344 ἐδίδου
225 4281 284 4357 τὰς
307 4279 488 4364 κωμῳδίας.

140 4386 301 4454 κοιλία
325 4385 364 4451 R.
390 4388 455 4450 485
480 4386 526 4465 εἰς
548 4387 607 4464 τὴν
630 4388 883 4456 κάτω-κοιλίαν
906 4390 1130 4467 καθείρπυσεν.

140 4491 380 4571 κόνδυλοςε
403 4493 441 4558 Ρ.
466 4495 530 4559 258
553 4497 619 4558 τῶν
642 4495 813 4573 σκορόδων
837 4495 986 4574 ἐνέβαλεν
1010 4496 1055 4572 εἰς
1077 4497 1135 4559 τόν
1158 4517 1186 4558 κ.
