3326 5372
649 437 850 498 -187-

159 605 196 670 Ρ.
222 609 283 669 165
307 605 540 684 χέζωνωπαρά
574 607 644 682 ταῖς
678 604 825 682 πόρναις.
864 609 926 667 386
950 595 1218 682 χοιρίδιον-παρ’
1251 598 1320 676 ἐμοί
1354 615 1390 671 γε

116 711 346 790 κατεδηδοκώς.
383 711 441 774 -ltn
463 709 566 774 edidit
603 709 714 793 Mein,
738 710 900 775 Cobetuin
937 711 1079 786 secutus
1105 725 1177 772 cum
1210 702 1285 770 libri
1310 703 1390 782 ἐμοῦ

116 819 303 902 praebeant.
339 815 512 899 vulgatum
535 816 712 884 lectionem
737 823 829 886 reete
853 816 999 883 defendit
1021 815 1249 882 Beclimnnnus
1273 812 1318 892 (p.
1344 811 1385 875 93

22 957 23 960 ¹
115 925 185 1006 sq.):
210 922 333 988 dixisse
363 923 425 988 hoc
449 927 580 1006 poetam
611 923 807 1005 praegnanti
832 923 969 1005 quadam
994 921 1153 986 brevitate
1175 917 1234 993 ita,
1258 922 1295 982 ut
1316 937 1390 982 κοτ-

114 1029 276 1107 εδηδοκιύς
302 1027 470 1094 continent
495 1027 591 1093 simul
615 1029 680 1094 vim
704 1029 889 1111 accipiendi
903 1027 1035 1107 =nnn’
1058 1029 1135 1107 ἐμοῦ
1164 1027 1272 1105 λαβὼν
1296 1041 1324 1088 s.
1340 1028 1391 1088 δε·

22 1191 23 1210 .
113 1136 247 1216 ξάμενος
271 1137 503 1214 κατεδηδοκώς,
515 1155 580 1217 ουιι
599 1135 713 1200 endem
738 1137 866 1204 ratione
883 1153 1062 1218 usurpasse
1078 1152 1152 1200 euni
1169 1131 1256 1211 παρά
1270 1150 1299 1197 c.
1316 1147 1391 1213 gen.

115 1241 148 1306 in
171 1242 207 1308 L.
233 1244 299 1306 562
323 1246 357 1306 et
381 1243 439 1307 Αν.
464 1244 540 1310 982.

156 1349 194 1414 P.
218 1353 283 1415 854
317 1353 405 1430 παρά
436 1353 506 1429 τοῖς
539 1355 661 1417 θεοῖσιν
697 1351 879 1432 ἀμβροσίαν
914 1352 1035 1432 λείχειν.
1075 1353 1156 1417 1707
1182 1350 1389 1428 καταθέμενοι

113 1455 188 1536 παρ’
215 1459 286 1537 ἐμοὶ
308 1457 396 1523 ταῦτ’
421 1459 528 1524 εἴσιτε.
554 1457 647 1539 Apud
669 1458 731 1523 hoo
754 1460 890 1524 verbum
915 1459 1012 1524 etium
1041 1459 1128 1536 παρά
1150 1476 1178 1525 e.
1203 1475 1271 1522 noc.
1296 1473 1391 1537 repe·

112 1563 217 1630 rimus
241 1565 292 1630 his
318 1563 411 1633 locis:
436 1567 494 1630 liv.
519 1569 594 1631 402.
617 1567 828 1630 usn-1299
852 1568 893 1644 ἣν
908 1563 964 1641 (ε.-
981 1565 1116 1648 άσπίδυ)
1132 1566 1391 1650 παρὰθάμνιρ-

112 1674 279 1740 κάλλιπον.

156 1783 215 1846 Αν.
244 1786 304 1845 167
330 1783 395 1846 ἐκεῖ
427 1779 503 1860 παρ’
539 1780 613 1860 ἡμῖν
649 1783 725 1860 τοὺς
754 1784 952 1862 πετομένους
976 1781 1015 1860 ἢν
1040 1787 1107 1864 ἔρῃ.
1134 1783 1199 1848 326
1224 1781 1389 1846 κάστὸν-

112 1887 185 1968 πορ’
210 1888 416 1970 ἡμίν-*παρ’
440 1891 515 1968 ὑμίν
548 1885 608 1968 εἴμ’
633 1887 706 1966 ἐγώ.
745 1895 809 1955 330
834 1893 961 1970 ἐνέμετο
983 1891 1086 1956 ’πεδία
1117 1885 1192 1966 παρ’
1216 1888 1301 1968 ἡμῖν.
1327 1891 1391 1954 598

113 1997 191 2060 κούκ
215 1997 255 2061 ἂν
279 1999 410 2075 μείναιμι
426 1992 500 2074 παρ’
519 1998 600 2075 ὑμῖν.
614 1995 662 2062 Cf.
676 1997 734 2061 Αν.
751 2001 845 2062 1450.
858 1997 907 2062 Pl.
926 1997 1111 2060 lin-'128
1128 1997 1347 2076 καθεδούμεθα
1362 2031 1390 2042 -

112 2106 198 2182 παρὰ
231 2108 300 2184 ταῖς
335 2105 494 2185 νεφέλαις.
537 2106 598 2166 756
623 2107 721 2169 ταῦτα
755 2102 847 2170 πάντ’
871 2107 959 2172 ἐστίν
987 2102 1062 2182 παρ’
1087 2104 1299 2183 ἡμίν-καλά.
1327 2108 1390 2168 758

112 2209 197 2275 τοῦτ’
221 2211 286 2276 ἐκεῖ
309 2215 407 2277 καλὸν
435 2209 509 2291 παρ’
532 2211 607 2290 ἡμῖν
631 2205 728 2280 ἐστιύ.
762 2216 826 2275 765
850 2213 988 2293 φυσάτω
1023 2213 1175 2290 πάππους
1209 2211 1283 2289 παρ’
1306 2212 1390 2290 ἡμῖν.

115 2323 179 2383 768
203 2328 277 2398 παρ’
299 2319 373 2399 ἡμῖν
398 2321 495 2385 ούδέν
520 2319 653 2400 αἰσχρόν
678 2322 764 2385 ἐστιν
788 2320 1011 2397 ἐκπερδικίσαι.
1040 2323 1122 2384 1087
1147 2315 1222 2397 παρ’
1244 2317 1318 2398 ἡμῖν
1342 2324 1393 2383 δε-

114 2427 242 2505 δεμένοι
265 2428 452 2493 παλεύσετε.
482 2429 564 2492 1405
588 2423 869 2505 διδάσκειν-παρ’
892 2427 1270 2506 ἡμῖν-με’νιυν--χορόν,

157 2535 193 2598 L.
221 2537 282 2597 172
306 2539 393 2612 τάγε
409 2533 573 2615 παρ’ἡμῑν
589 2537 752 2616 πείσομεν,
776 2534 831 2599 ubi
855 2537 894 2600 τά
908 2529 983 2612 παρ’
1004 2535 1078 2612 ἡμῖν
1102 2551 1165 2600 που
1181 2533 1318 2598 mullum
1334 2532 1394 2597 dil·

113 2637 178 2705 fert
201 2640 241 2704 ab
265 2644 303 2706 τά
326 2639 477 2721 ἡμέτεραι
502 2642 589 2723 quod
614 2642 653 2706 ad
681 2644 812 2706 nostine
837 2640 967 2722 quidem
992 2657 1053 2722 res,
1079 2639 1101 2704 i.
1126 2659 1154 2705 e.
1180 2639 1222 2704 nd
1244 2644 1391 2705 nostram

115 2745 279 2812 civitatem
303 2747 453 2811 attinet“.
468 2747 592 2813 Eodem
618 2765 718 2814 seusu
743 2747 778 2812 in
802 2745 971 2812 codicibus
995 2745 1115 2828 legitur
1138 2745 1172 2810 in
1195 2744 1236 2810 L.
1263 2749 1326 2808 243
1351 2749 1390 2810 τά

113 2849 188 2931 παρ’
212 2853 302 2934 ὑμῶν
325 2851 359 2917 εὖ
384 2855 460 2918 τίθει
484 2860 517 2918 et
541 2854 599 2918 Th.
629 2857 713 2917 1170
736 2856 775 2918 τά
799 2855 856 2931 μέν
879 2850 954 2931 παρ’
978 2853 1067 2932 ἡμῶν
1094 2852 1161 2917 ίσθι
1199 2868 1252 2920 σοι
1287 2873 1392 2916 πεπει-

115 2959 227 3038 σμένα,
254 2960 312 3024 sed
335 2965 476 3043 utroque
499 2961 574 3026 loco
598 2959 709 3025 mulim
742 2977 816 3024 cum
839 2957 1030 3039 Hirsnhigio
1056 2963 1088 3023 et
1111 2956 1281 3023 lleinelueo
1306 2957 1389 3022 dnti-

115 3083 199 3130 uum:
226 3083 286 3132 nec
311 3067 397 3130 enim
422 3067 527 3146 video,
553 3067 772 3150 oneratione
806 3065 979 3148 genetivus
1004 3063 1150 3147 intellegi
1175 3065 1294 3146 possit:
1317 3083 1391 3129 nam

115 3176 153 3238 τά
177 3170 252 3252 παρ’
276 3174 349 3252 ἡμῖν
374 3175 461 3240 valet
488 3195 561 3255 „res
586 3177 740 3242 υονίιυιοί
768 3173 822 3256 (el.
848 3172 895 3238 Pl.
918 3171 1025 3255 1149),
1042 3175 1082 3238 τά
1105 3170 1180 3249 παρ’
1205 3171 1296 3250 ἡμῶν
1317 3191 1391 3251 „res

115 3287 227 3362 gestae
262 3293 281 3344 a
316 3281 431 3348 nobis“
460 3283 504 3366 (v.
528 3283 611 3348 Rau.
635 3302 666 3364 p.
693 3282 850 3365 3).-174
874 3279 1051 3358 τώργύριον
1084 3281 1260 3360 τῶβυσσον
1283 3282 1303 3364 ῇ
1327 3282 1394 3360 πάρ

117 3394 153 3470 τᾷ
176 3393 248 3472 σιῷ.
273 3394 338 3452 453
362 3388 438 3468 παρ’
462 3391 536 3470 ἡμῖν
559 3391 620 3456 εἰσι
642 3392 788 3470 τέτταρες
812 3390 911 3468 λόχοι,
936 3407 1030 3470 quem
1056 3388 1163 3454 locum
1188 3389 1301 3454 nescio
1327 3407 1390 3469 quo

117 3499 214 3574 pacto
238 3494 468 3561 Bachmnnnus
496 3497 542 3579 (p.
570 3499 646 3578 131)
671 3495 713 3561 iis
737 3499 940 3570 annumerat,
966 3493 1084 3575 quibus
1100 3495 1188 3573 παρά
1208 3493 1316 3571 „doni
1333 3493 1392 3558 eli·

119 3602 231 3668 cuius“
271 3601 443 3684 signifieat.
485 3603 548 3670 Sed
582 3604 636 3670 hio
671 3602 747 3683 παρ’
781 3602 856 3682 ἡμῖν
879 3602 940 3668 εἰσι
963 3601 1045 3668 nihil
1071 3601 1161 3668 sliud
1184 3619 1258 3668 esse
1281 3607 1392 3684 potest

117 3708 177 3775 nisi
205 3708 319 3791 „nobis
344 3713 451 3786 sunu,
479 3713 502 3778 i.
527 3732 555 3776 ο.
584 3731 663 3795 „uos
687 3710 877 3778 habemus“.

160 3813 217 3878 Th.
244 3819 307 3879 479
332 3815 480 3896 δ-άνήρ
518 3818 593 3897 παρ’
626 3820 694 3898 ἐμοί
719 3821 887 3895 καθηῦδεν.
913 3817 1008 3900 Apud
1031 3817 1131 3882 uerba
1155 3815 1336 3882 dormiendi
1359 3821 1394 3880 et

24 3911 25 3922 ’
116 3921 254 3986 cubandi
292 3923 497 4004 praepositio
537 3923 660 4011 legitur
699 3943 772 3990 eum
806 3925 918 3990 dativo
951 3923 1050 3990 etium
1074 3923 1108 3990 in
1132 3923 1190 3990 En.
1216 3927 1290 3988 628.
1317 3927 1391 3988 701.

119 4030 189 4092 723.
213 4031 289 4094 804.
304 4032 378 4095 938.
399 4035 494 4098 1039.
511 4032 755 4097 1050.ΡΙ.742.
777 4032 871 4114 Apud
893 4031 1007 4098 eedem
1032 4030 1134 4098 verba
1158 4032 1244 4110 nond
1269 4051 1297 4098 e.
1322 4048 1391 4096 που.

116 4131 295 4200 invenimus
319 4136 352 4200 in
378 4139 414 4203 Α.
441 4143 492 4202 72.
516 4137 577 4203 Th.
606 4141 703 4206 1193.

159 4240 196 4306 ll.
223 4244 307 4308 1309
331 4246 583 4326 παρά-*κύμασι
600 4245 811 4325 στωμύλλετε.

158 4347 214 4414 En.
240 4351 304 4414 638
327 4353 414 4430 παρὰ
452 4358 533 4419 τοῖσι
568 4357 677 4431 καλοῖς
715 4357 937 4431 καταδαρθεῖν.
974 4355 1037 4417 655
1061 4353 1101 4429 ἤν
1124 4373 1169 4430 τις
1194 4352 1280 4436 ὄφλῃ
1304 4355 1391 4430 παρὰ

118 4459 182 4535 τοῖς
205 4458 340 4540 ἄρχουσι
364 4461 453 4541 δίκην
476 4487 535 4549 τῳ,
560 4483 693 4545 „eoram
718 4463 998 4548 magistratibus“‚
1022 4465 1043 4528 i.
1069 4481 1096 4530 e.
1122 4481 1163 4544 „a
1193 4483 1233 4528 111.
1259 4462 1391 4528 domnn-

26 4590 30 4690 ρ
120 4563 200 4630 tus“.
225 4569 288 4632 682
313 4569 467 4648 στήσασα
490 4570 569 4650 παρ’
593 4572 758 4658 Ἁρμοδίῳ.
775 4570 889 4638 Eidem
908 4572 1007 4638 verbo
1025 4569 1158 4638 additur
1175 4572 1263 4649 παρά
1279 4589 1306 4638 α
1321 4589 1390 4636 neo.

120 4665 150 4732 iu
184 4671 222 4739 V.
249 4679 344 4742 1083.
380 4678 415 4746 P.
443 4683 538 4746 1269.
572 4681 606 4747 L.
633 4683 706 4744 634.
736 4685 830 4746 1122.
858 4683 952 4746 1275.
989 4681 1025 4746 R.
1053 4683 1148 4746 1378.
1181 4677 1237 4746 Ec.
1267 4684 1386 4746 'idle-
