3326 5372
616 501 813 563 -195-

78 663 147 745 ost]
164 662 313 730 nonnulli
335 664 542 746 grammatici
559 665 599 730 ab
616 666 835 749 Aristophane
851 669 1121 736 abiudicarerunt
1137 674 1171 732 et
1187 665 1355 750 Archippo

15 767 16 840 l
80 768 289 836 tribuerunt¹‘
328 769 425 852 (Rau.
459 789 492 852 ρ.
526 772 593 850 63).
627 771 793 852 (letarum,
819 775 949 842 etiamsi
985 774 1089 856 ipsius
1125 771 1356 854 Aristophanis

81 871 168 956 sunl.
187 876 228 944 οίι
253 880 386 956 φροντὶς
409 877 615 962 Ἱπποκλείδῃ.

127 984 160 1064 β)
185 982 295 1050 Rebus
319 983 452 1052 additur
476 985 680 1067 praepositio
706 987 738 1052 in

125 1087 165 1150 A.
192 1090 232 1152 72
256 1091 345 1168 παρὰ
364 1091 422 1168 τὴν
446 1089 851 1172 ἔπαλξιν-κατακείμενος.

126 1192 167 1255 V.
194 1198 259 1260 394
282 1194 342 1260 κού
365 1196 406 1274 μή
428 1197 507 1260 ποτέ
531 1211 593 1260 σου
610 1200 697 1276 παρὰ
712 1200 769 1277 τὰς
785 1200 904 1277 κάννας
925 1199 1059 1279 οὐρήσω
1076 1198 1147 1278 μηδ’
1166 1199 1356 1279 ἀποπάρδω.

126 1301 185 1365 Av.
216 1302 570 1381 145-6ἔστι-πόλις
601 1307 690 1382 παρὰ
722 1305 781 1386 τὴν
814 1307 952 1384 ἐρυθρὰν
987 1308 1356 1388 θόλατταν.-μηδαμῶς

83 1409 154 1488 ἡμῖν
187 1429 224 1486 γε
258 1411 344 1488 παρὰ
368 1409 536 1476 θάλατταν.
560 1412 626 1475 244
647 1411 749 1492 ἑλείας
770 1417 844 1491 παρ’
867 1412 1193 1492 αὐλῶνας-ἐμπίδας
1224 1417 1357 1482 κάπτετε

15 1601 16 1608 ¹
77 1514 136 1600 (de
161 1532 228 1598 quo
252 1516 325 1582 looo
349 1536 379 1582 ν.
395 1517 530 1597 introp.
548 1519 633 1600 196).

125 1622 161 1692 L.
188 1625 252 1688 835
276 1627 341 1692 ποθ
363 1628 391 1692 δ’
414 1625 501 1690 ἐστίν
525 1624 616 1704 ὅστις
632 1625 842 1706 ἐστί-πορθ
865 1629 902 1692 τό
925 1632 983 1706 τῆς
1007 1629 1120 1707 Χλόης.
1147 1631 1231 1693 1302
1248 1634 1298 1696 τοί
1317 1632 1356 1712 δὴ
1437 1669 1440 1674 ·

81 1733 145 1809 πὰρ
170 1729 326 1810 Εὐρώταν
360 1733 537 1810 ψιάδδοντι.
576 1734 660 1796 1309
684 1735 734 1797 ταὶ
758 1735 848 1812 κόραι
880 1737 944 1813 πὰρ
977 1737 1033 1800 τόν
1058 1735 1212 1812 Εὐρώταν
1236 1735 1359 1814 ἀμπάλ-

15 1825 16 1876 l
78 1841 167 1902 λοντι
191 1839 295 1903 πυκνὰ
318 1843 444 1904 ποδοῖν.

127 1943 166 2008 R.
196 1945 257 2008 162
282 1945 436 2022 ἐγγύτατα
470 1944 544 2023 παρ’
578 1947 678 2025 αὐτὴν
709 1947 766 2026 τήν
800 1945 1078 2015 ὁδόν-οἰκοῦσιν.
1104 1951 1167 2012 194
1183 1953 1270 2028 παρὰ
1296 1953 1354 2016 τόν

82 2046 221 2114 Αὑαίνου
245 2049 334 2114 λίθον
359 2048 418 2131 (se.
443 2049 633 2132 ἀναμενεῖς).

127 2153 177 2220 Pl.
205 2157 266 2218 795
291 2157 378 2233 παρὰ
400 2157 458 2234 τὴν
482 2156 591 2222 ἑστίαν
604 2156 665 2240 (so.
679 2158 805 2235 δέξομαι
827 2160 866 2226 τὰ
889 2159 1138 2243 καταχύσματα).
1159 2165 1241 2226 1153
1265 2167 1352 2243 παρὰ

83 2263 139 2340 τὴν
163 2261 265 2340 θύραν
273 2264 486 2341 -λδρύσασθέ
510 2285 557 2342 με.

122 2366 271 2434 Verbum
296 2369 375 2434 είναι
398 2369 507 2435 audiri
530 2375 639 2451 potest
654 2369 706 2436 his
729 2370 825 2438 loois:

125 2473 162 2540 N.
189 2477 253 2541 326
277 2479 364 2555 παρὰ
386 2479 445 2555 τὴν
468 2478 611 2544 εἴσοδον.

125 2580 186 2646 Εο.
213 2583 275 2645 oet
300 2583 357 2652 mv
378 2585 466 2660 παρὰ
488 2583 606 2661 ταύτην
631 2581 692 2664 (so.
716 2584 853 2667 στοιάν).

127 2688 163 2771 3)
188 2691 305 2755 Restat
330 2687 421 2752 loous

126 2797 166 2858 A.
192 2797 234 2856 66
257 2794 475 2872 ἐτρυχόμεσθα
497 2796 584 2872 παρὰ
610 2795 787 2872 Καΰστριον
810 2797 921 2861 πεδίον
951 2794 1229 2880 ὁδοιπλανοῦντες.
1267 2797 1359 2864 Libri

85 2904 134 2966 διὰ
156 2905 223 2965 τῶν
246 2887 430 2978 Καυστρίων
453 2902 579 2976 πεδίων,
604 2900 670 2968 nisi
694 2901 884 2984 quodllav.
898 2901 998 2968 habet
1011 2904 1099 2981 παρά
1114 2921 1174 2985 pro
1191 2906 1254 2984 διός
1271 2906 1358 2970 uude

84 3004 284 3085 DiodorfiuS,
309 3024 381 3070 oum
406 3005 486 3071 talis
508 3023 646 3073 oumoro
684 3007 803 3088 plurali
827 3008 892 3074 diei
916 3010 1025 3074 solere
1049 3017 1194 3091 negaret,
1213 3011 1355 3078 articulo

83 3113 200 3188 deleto,
214 3129 323 3178 aecus.
340 3113 519 3196 singularis
542 3115 663 3194 posuit.
687 3115 794 3196 Atque
818 3113 996 3180 articulum
1022 3116 1110 3180 haud
1133 3133 1209 3182 raro
1234 3115 1315 3184 alibi
1339 3137 1360 3185 a

86 3217 229 3285 librariis
252 3218 355 3284 inseri
379 3219 509 3300 egregie
533 3218 646 3284 docuit
662 3218 890 3287 Baohmennus
904 3220 949 3302 (p.
961 3223 1002 3284 36
1022 3223 1095 3302 sq.);
1113 3220 1174 3287 hoo
1190 3223 1265 3290 loeo
1283 3242 1356 3290 eum

84 3322 180 3391 laeile
203 3317 325 3390 addere
349 3329 538 3406 potuerunt,
555 3342 615 3406 pro
637 3326 807 3410 trisyllobo
844 3326 1029 3405 Καυστρίων
1060 3326 1220 3395 habentes
1246 3329 1359 3414 (Blep-

84 3431 409 3515 ,ues.).1mque‚cum
434 3432 493 3508 διά,
509 3432 663 3517 genetivo
679 3433 817 3515 pluralis
842 3433 1041 3516 appositum,
1059 3433 1112 3498 vix
1136 3435 1217 3502 ferri
1241 3437 1358 3516 possit.

15 3509 16 3552 ³
86 3536 244 3606 Dindorfil
270 3537 455 3603 emendatio
478 3537 648 3604 lenissima
672 3546 706 3604 et
730 3558 813 3622 quae
829 3538 944 3628 optimi
970 3539 1094 3606 codicis
1118 3540 1287 3622 scripturo
1310 3543 1360 3608 ni·

84 3649 175 3712 *tatur
199 3645 305 3728 primo
329 3651 466 3726 aspectu
493 3645 661 3727 probanda
685 3647 826 3712 videtur.
845 3645 926 3711 Nam
950 3645 1037 3712 alise
1063 3647 1273 3714 coniecturae
1298 3652 1360 3716 huo
1464 3647 1467 3654 '

89 3751 385 3818 multodeteriores
400 3751 698 3833 suntutElmslei,
715 3754 782 3836 qui,
808 3754 882 3823 coll,
908 3753 942 3816 P.
968 3755 1031 3818 969
1058 3756 1090 3820 οἵ
1112 3772 1175 3822 σου
1191 3754 1359 3836 τρυχόμεθ’
1466 3779 1468 3782 ·

86 3860 145 3939 ,ἤδη
171 3861 241 3938 τρία
265 3861 315 3924 καὶ
337 3856 400 3924 δέκ’
423 3859 485 3939 ἔνη,
510 3861 565 3924 hic
592 3880 719 3944 quoque
749 3862 1029 3943 praepositionem
1057 3864 1162 3930 doleri
1188 3864 1360 3945 solumque

85 3966 269 4047 genetivum
295 3966 436 4048 relinqui
461 3965 560 4032 iubet
579 3964 643 4032 Sed
667 3966 830 4050 τρόχομαι,
854 3985 926 4033 eum
952 3987 1024 4050 geo.
1050 3970 1270 4045 coniunctum,
1287 3968 1362 4049 „de-

15 4109 16 4152 f
85 4072 207 4138 siderio
240 4073 381 4138 alicuius
416 4073 598 4138 macerari“
636 4075 732 4140 volet.
767 4072 927 4140 Similiter
950 4078 1230 4158 praepositionem
1255 4076 1361 4142 deleri

88 4175 185 4244 iussit
207 4183 246 4247 R.
270 4179 429 4256 Klotzius,
455 4179 500 4244 ita
523 4185 643 4260 minen,
667 4186 705 4245 ut
737 4181 909 4263 genetivus
939 4200 1012 4247 oum
1037 4201 1067 4248 ν.
1090 4181 1361 4264 ὁδοιπλανοῦντες

92 4285 345 4368 coniungeretur
361 4284 415 4369 (of.
430 4285 487 4350 Kr.
504 4285 544 4360 II,
558 4289 612 4361 46.
630 4293 657 4361 l,
673 4287 718 4366 θλ
737 4306 834 4368 quam
858 4287 1082 4354 coniecturam
1107 4288 1234 4356 Bovius
1246 4291 1292 4372 (p.
1305 4293 1361 4380 ³4)

86 4391 367 4471 speciosissimam
389 4397 496 4470 vocat3
520 4409 581 4474 ego
607 4409 684 4458 vero
708 4411 750 4458 ne
774 4393 919 4460 Atticam
944 4393 1074 4476 quidem
1090 4411 1166 4462 esse
1185 4397 1360 4464 contendo.

90 4493 198 4582 Neque
232 4498 394 4584 Bloprlesii
431 4500 651 4577 coniecturae,
675 4501 819 4580 ποταμόν
854 4518 913 4582 pro
949 4502 1059 4566 πεδίον
1087 4503 1280 4583 reponentis
1304 4508 1363 4570 sut

88 4601 148 4670 όνὰ
171 4609 208 4673 τὸ
233 4608 409 4685 Καΰστριον
433 4608 540 4672 πεδίον
565 4604 752 4687 scribentis,
768 4604 837 4672 ullo
860 4614 957 4688 pecto
972 4606 1104 4689 probari
1128 4615 1280 4690 possunt:
1307 4610 1362 4678 illa

1201 4717 1255 4776 13*
