<?xml version="1.0" encoding="UTF-8"?>
<!DOCTYPE html PUBLIC "-//W3C//DTD XHTML 1.0 Transitional//EN"
    "http://www.w3.org/TR/xhtml1/DTD/xhtml1-transitional.dtd">
<html xmlns="http://www.w3.org/1999/xhtml" xml:lang="en" lang="en">
 <head>
  <title>
</title>
<meta http-equiv="Content-Type" content="text/html;charset=utf-8" />
  <meta name='ocr-system' content='tesseract 3.04.00' />
  <meta name='ocr-capabilities' content='ocr_page ocr_carea ocr_par ocr_line ocrx_word'/>
</head>
<body>
  <div class='ocr_page' id='page_1' title='image "./depraepositionu00sobogoog_0075.png"; bbox 0 0 3328 5370; ppageno 0'>
   <div class='ocr_carea' id='block_1_1' title="bbox 859 460 1036 520">
    <p class='ocr_par' dir='ltr' id='par_1_1' title="bbox 859 460 1036 520">
     <span class='ocr_line' id='line_1_1' title="bbox 859 460 1036 520; baseline -0.011 -17"><span class='ocrx_word' id='word_1_1' title='bbox 859 460 1036 520; x_wconf 70' lang='lat'>„54-</span> 
     </span>
    </p>
   </div>
   <div class='ocr_carea' id='block_1_2' title="bbox 243 622 1633 4230">
    <p class='ocr_par' dir='ltr' id='par_1_2' title="bbox 304 622 1589 1011">
     <span class='ocr_line' id='line_1_2' title="bbox 351 622 1588 708; baseline -0.005 -16"><span class='ocrx_word' id='word_1_2' title='bbox 351 627 407 692; x_wconf 87' lang='lat' dir='ltr'>Th.</span> <span class='ocrx_word' id='word_1_3' title='bbox 436 629 500 692; x_wconf 88' lang='grc'>488</span> <span class='ocrx_word' id='word_1_4' title='bbox 525 628 658 706; x_wconf 81' lang='grc' dir='ltr'>ἐξῆλθον</span> <span class='ocrx_word' id='word_1_5' title='bbox 682 625 727 704; x_wconf 82' lang='grc' dir='ltr'>ὡς</span> <span class='ocrx_word' id='word_1_6' title='bbox 750 625 807 690; x_wconf 90' lang='grc' dir='ltr'>τόν</span> <span class='ocrx_word' id='word_1_7' title='bbox 830 626 950 708; x_wconf 87' lang='grc' dir='ltr'>μοιχόν.</span> <span class='ocrx_word' id='word_1_8' title='bbox 977 623 1102 704; x_wconf 40' lang='grc' dir='ltr'>617,όύ</span> <span class='ocrx_word' id='word_1_9' title='bbox 1129 624 1319 705; x_wconf 77' lang='grc' dir='ltr'>βαδιεῖ-ὡς</span> <span class='ocrx_word' id='word_1_10' title='bbox 1344 625 1409 706; x_wconf 61' lang='grc' dir='ltr'>ἐμῆ</span> <span class='ocrx_word' id='word_1_11' title='bbox 1439 627 1514 688; x_wconf 89' lang='grc'>894</span> <span class='ocrx_word' id='word_1_12' title='bbox 1538 622 1588 686; x_wconf 85' lang='grc' dir='ltr'>οὑ-</span> 
     </span>
     <span class='ocr_line' id='line_1_3' title="bbox 306 727 1586 814; baseline -0.003 -17"><span class='ocrx_word' id='word_1_13' title='bbox 306 753 363 812; x_wconf 90' lang='grc' dir='ltr'>τος</span> <span class='ocrx_word' id='word_1_14' title='bbox 382 770 414 799; x_wconf 79' lang='lat'>-.</span> <span class='ocrx_word' id='word_1_15' title='bbox 431 733 567 813; x_wconf 86' lang='grc' dir='ltr'>ἀνῆλθεν</span> <span class='ocrx_word' id='word_1_16' title='bbox 582 768 618 780; x_wconf 88' lang='lat'>--</span> <span class='ocrx_word' id='word_1_17' title='bbox 635 734 679 812; x_wconf 81' lang='grc' dir='ltr'>ὡς</span> <span class='ocrx_word' id='word_1_18' title='bbox 707 734 764 810; x_wconf 87' lang='grc' dir='ltr'>τὰς</span> <span class='ocrx_word' id='word_1_19' title='bbox 796 734 958 814; x_wconf 83' lang='grc' dir='ltr'>γυναῖκας.</span> <span class='ocrx_word' id='word_1_20' title='bbox 992 732 1077 796; x_wconf 91' lang='grc'>1020</span> <span class='ocrx_word' id='word_1_21' title='bbox 1102 732 1146 812; x_wconf 87' lang='grc' dir='ltr'>όις</span> <span class='ocrx_word' id='word_1_22' title='bbox 1169 733 1228 810; x_wconf 89' lang='grc' dir='ltr'>τῆν</span> <span class='ocrx_word' id='word_1_23' title='bbox 1251 732 1384 807; x_wconf 81' lang='grc' dir='ltr'>γυναῖκά</span> <span class='ocrx_word' id='word_1_24' title='bbox 1409 727 1445 810; x_wconf 91' lang='grc' dir='ltr'>μ’</span> <span class='ocrx_word' id='word_1_25' title='bbox 1472 731 1586 797; x_wconf 77' lang='grc' dir='ltr'>ἐλθεῖν.</span> 
     </span>
     <span class='ocr_line' id='line_1_4' title="bbox 307 836 1589 921; baseline -0.003 -16"><span class='ocrx_word' id='word_1_26' title='bbox 307 843 391 906; x_wconf 90' lang='grc'>1178</span> <span class='ocrx_word' id='word_1_27' title='bbox 415 836 517 921; x_wconf 78' lang='grc' dir='ltr'>ἔρχεθ’</span> <span class='ocrx_word' id='word_1_28' title='bbox 542 842 587 919; x_wconf 83' lang='grc' dir='ltr'>ιδς</span> <span class='ocrx_word' id='word_1_29' title='bbox 611 840 730 920; x_wconf 82' lang='grc' dir='ltr'>ἄνδρας</span> <span class='ocrx_word' id='word_1_30' title='bbox 753 840 850 917; x_wconf 87' lang='grc' dir='ltr'>τινάς.</span> <span class='ocrx_word' id='word_1_31' title='bbox 877 841 960 906; x_wconf 87' lang='grc'>1206</span> <span class='ocrx_word' id='word_1_32' title='bbox 985 843 1085 918; x_wconf 83' lang='grc' dir='ltr'>τενεῖς</span> <span class='ocrx_word' id='word_1_33' title='bbox 1115 838 1159 918; x_wconf 85' lang='grc' dir='ltr'>ὡς</span> <span class='ocrx_word' id='word_1_34' title='bbox 1191 841 1249 918; x_wconf 90' lang='grc' dir='ltr'>τῆν</span> <span class='ocrx_word' id='word_1_35' title='bbox 1281 842 1416 916; x_wconf 73' lang='grc' dir='ltr'>γυναῖκα</span> <span class='ocrx_word' id='word_1_36' title='bbox 1461 841 1518 902; x_wconf 90' lang='grc' dir='ltr'>καὶ</span> <span class='ocrx_word' id='word_1_37' title='bbox 1554 838 1589 902; x_wconf 86' lang='grc' dir='ltr'>τό</span> 
     </span>
     <span class='ocr_line' id='line_1_5' title="bbox 304 947 421 1011; baseline -0.026 0"><span class='ocrx_word' id='word_1_38' title='bbox 304 947 421 1011; x_wconf 83' lang='grc' dir='ltr'>παιδία.</span> 
     </span>
    </p>

    <p class='ocr_par' dir='ltr' id='par_1_3' title="bbox 347 1052 1300 1134">
     <span class='ocr_line' id='line_1_6' title="bbox 347 1052 1300 1134; baseline -0.001 -18"><span class='ocrx_word' id='word_1_39' title='bbox 347 1052 385 1116; x_wconf 91' lang='lat' dir='ltr'>R.</span> <span class='ocrx_word' id='word_1_40' title='bbox 414 1056 496 1118; x_wconf 90' lang='grc'>1192</span> <span class='ocrx_word' id='word_1_41' title='bbox 522 1053 566 1130; x_wconf 82' lang='grc' dir='ltr'>ὡς</span> <span class='ocrx_word' id='word_1_42' title='bbox 589 1052 742 1132; x_wconf 81' lang='grc' dir='ltr'>Πόλυβον</span> <span class='ocrx_word' id='word_1_43' title='bbox 765 1054 917 1131; x_wconf 87' lang='grc' dir='ltr'>ἤρρησεν.</span> <span class='ocrx_word' id='word_1_44' title='bbox 945 1055 1029 1118; x_wconf 90' lang='grc'>1509</span> <span class='ocrx_word' id='word_1_45' title='bbox 1054 1053 1143 1131; x_wconf 89' lang='grc' dir='ltr'>ῆκειν</span> <span class='ocrx_word' id='word_1_46' title='bbox 1168 1053 1212 1131; x_wconf 82' lang='grc' dir='ltr'>ὡς</span> <span class='ocrx_word' id='word_1_47' title='bbox 1236 1053 1300 1134; x_wconf 81' lang='grc' dir='ltr'>ἐιιέ.</span> 
     </span>
    </p>

    <p class='ocr_par' dir='ltr' id='par_1_4' title="bbox 349 1154 1098 1244">
     <span class='ocr_line' id='line_1_7' title="bbox 349 1154 1098 1244; baseline 0.003 -22"><span class='ocrx_word' id='word_1_48' title='bbox 349 1160 382 1244; x_wconf 83' lang='grc'>2)</span> <span class='ocrx_word' id='word_1_49' title='bbox 407 1161 445 1225; x_wconf 86' lang='grc' dir='ltr'>Α.</span> <span class='ocrx_word' id='word_1_50' title='bbox 471 1164 535 1226; x_wconf 88' lang='grc'>394</span> <span class='ocrx_word' id='word_1_51' title='bbox 560 1154 698 1239; x_wconf 81' lang='grc' dir='ltr'>βαδιστέ’</span> <span class='ocrx_word' id='word_1_52' title='bbox 724 1161 810 1223; x_wconf 90' lang='grc' dir='ltr'>ἐστὶν</span> <span class='ocrx_word' id='word_1_53' title='bbox 834 1161 880 1239; x_wconf 85' lang='grc' dir='ltr'>ιδς</span> <span class='ocrx_word' id='word_1_54' title='bbox 905 1157 1098 1239; x_wconf 79' lang='grc' dir='ltr'>Εὐριπίδην.</span> 
     </span>
    </p>

    <p class='ocr_par' dir='ltr' id='par_1_5' title="bbox 349 1263 1099 1345">
     <span class='ocr_line' id='line_1_8' title="bbox 349 1263 1099 1345; baseline 0.003 -17"><span class='ocrx_word' id='word_1_55' title='bbox 349 1263 388 1328; x_wconf 88' lang='lat' dir='ltr'>V.</span> <span class='ocrx_word' id='word_1_56' title='bbox 416 1267 499 1329; x_wconf 85' lang='lat'>1042</span> <span class='ocrx_word' id='word_1_57' title='bbox 525 1265 783 1345; x_wconf 85' lang='grc' dir='ltr'>ἀναπηδᾶν-ὡς</span> <span class='ocrx_word' id='word_1_58' title='bbox 807 1266 864 1330; x_wconf 91' lang='grc' dir='ltr'>τόν</span> <span class='ocrx_word' id='word_1_59' title='bbox 886 1267 1099 1345; x_wconf 84' lang='grc' dir='ltr'>πολέμαρχον.</span> 
     </span>
    </p>

    <p class='ocr_par' dir='ltr' id='par_1_6' title="bbox 305 1368 1633 1784">
     <span class='ocr_line' id='line_1_9' title="bbox 348 1368 1588 1452; baseline -0.002 -17"><span class='ocrx_word' id='word_1_60' title='bbox 348 1373 406 1435; x_wconf 86' lang='grc' dir='ltr'>Αν.</span> <span class='ocrx_word' id='word_1_61' title='bbox 433 1375 496 1436; x_wconf 89' lang='grc'>619</span> <span class='ocrx_word' id='word_1_62' title='bbox 522 1372 567 1450; x_wconf 85' lang='grc' dir='ltr'>ὼς</span> <span class='ocrx_word' id='word_1_63' title='bbox 590 1369 730 1452; x_wconf 82' lang='grc' dir='ltr'>Ἄμμων’</span> <span class='ocrx_word' id='word_1_64' title='bbox 757 1373 914 1450; x_wconf 87' lang='grc' dir='ltr'>ἐλθόντες.</span> <span class='ocrx_word' id='word_1_65' title='bbox 938 1372 988 1436; x_wconf 83' lang='lat' dir='ltr'>Ita</span> <span class='ocrx_word' id='word_1_66' title='bbox 1023 1373 1120 1440; x_wconf 86' lang='lat' dir='ltr'>Mein.</span> <span class='ocrx_word' id='word_1_67' title='bbox 1160 1373 1201 1436; x_wconf 85' lang='lat' dir='ltr'>de</span> <span class='ocrx_word' id='word_1_68' title='bbox 1237 1372 1428 1438; x_wconf 85' lang='lat' dir='ltr'><strong>coniectura</strong></span> <span class='ocrx_word' id='word_1_69' title='bbox 1470 1368 1588 1444; x_wconf 80' lang='lat' dir='ltr'><strong>edidit,</strong></span> 
     </span>
     <span class='ocr_line' id='line_1_10' title="bbox 305 1467 1588 1560; baseline -0.005 -19"><span class='ocrx_word' id='word_1_70' title='bbox 305 1494 378 1542; x_wconf 84' lang='lat' dir='ltr'>cum</span> <span class='ocrx_word' id='word_1_71' title='bbox 403 1475 478 1543; x_wconf 85' lang='lat' dir='ltr'><strong>libri</strong></span> <span class='ocrx_word' id='word_1_72' title='bbox 504 1478 547 1557; x_wconf 88' lang='grc' dir='ltr'>εἰς</span> <span class='ocrx_word' id='word_1_73' title='bbox 572 1475 757 1550; x_wconf 81' lang='lat' dir='ltr'>exhibeant.</span> <span class='ocrx_word' id='word_1_74' title='bbox 784 1479 876 1558; x_wconf 80' lang='lat' dir='ltr'>„Qua</span> <span class='ocrx_word' id='word_1_75' title='bbox 901 1467 1090 1544; x_wconf 82' lang='lat' dir='ltr'>coniectura</span> <span class='ocrx_word' id='word_1_76' title='bbox 1122 1477 1262 1545; x_wconf 83' lang='lat' dir='ltr'><strong>tortasse</strong></span> <span class='ocrx_word' id='word_1_77' title='bbox 1296 1498 1360 1545; x_wconf 87' lang='lat' dir='ltr'>non</span> <span class='ocrx_word' id='word_1_78' title='bbox 1397 1496 1489 1560; x_wconf 85' lang='lat' dir='ltr'><strong>opus</strong></span> <span class='ocrx_word' id='word_1_79' title='bbox 1530 1479 1588 1539; x_wconf 83' lang='lat' dir='ltr'>est</span> 
     </span>
     <span class='ocr_line' id='line_1_11' title="bbox 305 1583 1588 1670; baseline -0.001 -23"><span class='ocrx_word' id='word_1_80' title='bbox 305 1601 379 1650; x_wconf 83' lang='lat' dir='ltr'>cum</span> <span class='ocrx_word' id='word_1_81' title='bbox 404 1585 443 1650; x_wconf 87' lang='lat' dir='ltr'>de</span> <span class='ocrx_word' id='word_1_82' title='bbox 467 1585 628 1652; x_wconf 82' lang='lat' dir='ltr'>Ammona</span> <span class='ocrx_word' id='word_1_83' title='bbox 650 1592 806 1668; x_wconf 82' lang='lat' dir='ltr'>tanquam</span> <span class='ocrx_word' id='word_1_84' title='bbox 829 1584 869 1650; x_wconf 88' lang='lat' dir='ltr'>de</span> <span class='ocrx_word' id='word_1_85' title='bbox 893 1585 966 1650; x_wconf 83' lang='lat' dir='ltr'>loco</span> <span class='ocrx_word' id='word_1_86' title='bbox 990 1585 1164 1669; x_wconf 80' lang='lat' dir='ltr'><strong>loquatur“</strong></span> <span class='ocrx_word' id='word_1_87' title='bbox 1196 1584 1383 1670; x_wconf 83' lang='lat' dir='ltr'><strong>(Biaydes.).</strong></span> <span class='ocrx_word' id='word_1_88' title='bbox 1420 1583 1588 1650; x_wconf 83' lang='lat' dir='ltr'>Codicum</span> 
     </span>
     <span class='ocr_line' id='line_1_12' title="bbox 306 1663 1633 1784; baseline 0 -28"><span class='ocrx_word' id='word_1_89' title='bbox 306 1693 505 1776; x_wconf 83' lang='lat' dir='ltr'><strong>scripturam</strong></span> <span class='ocrx_word' id='word_1_90' title='bbox 529 1692 707 1758; x_wconf 80' lang='lat' dir='ltr'>defendunt</span> <span class='ocrx_word' id='word_1_91' title='bbox 730 1693 836 1760; x_wconf 84' lang='lat' dir='ltr'>etiarn</span> <span class='ocrx_word' id='word_1_92' title='bbox 853 1674 986 1758; x_wconf 76' lang='lat' dir='ltr'>Bachrn.</span> <span class='ocrx_word' id='word_1_93' title='bbox 1011 1713 1043 1775; x_wconf 86' lang='lat' dir='ltr'>p.</span> <span class='ocrx_word' id='word_1_94' title='bbox 1070 1696 1131 1758; x_wconf 84' lang='lat'>115</span> <span class='ocrx_word' id='word_1_95' title='bbox 1157 1699 1191 1758; x_wconf 82' lang='lat' dir='ltr'>et</span> <span class='ocrx_word' id='word_1_96' title='bbox 1213 1691 1348 1760; x_wconf 87' lang='lat' dir='ltr'>Vahlen.</span> <span class='ocrx_word' id='word_1_97' title='bbox 1379 1712 1411 1774; x_wconf 84' lang='grc' dir='ltr'>χι,</span> <span class='ocrx_word' id='word_1_98' title='bbox 1439 1696 1498 1784; x_wconf 75' lang='grc'>18.</span> <span class='ocrx_word' id='word_1_99' title='bbox 1628 1663 1633 1756; x_wconf 66' lang='lat' dir='ltr'><strong>i</strong></span> 
     </span>
    </p>

    <p class='ocr_par' dir='ltr' id='par_1_7' title="bbox 300 1796 1633 2530">
     <span class='ocr_line' id='line_1_13' title="bbox 347 1796 1587 1884; baseline -0.005 -18"><span class='ocrx_word' id='word_1_100' title='bbox 347 1799 406 1869; x_wconf 81' lang='lat' dir='ltr'>Ea.</span> <span class='ocrx_word' id='word_1_101' title='bbox 433 1803 496 1866; x_wconf 84' lang='grc'>675</span> <span class='ocrx_word' id='word_1_102' title='bbox 522 1804 658 1880; x_wconf 83' lang='grc' dir='ltr'>βαδίζειν</span> <span class='ocrx_word' id='word_1_103' title='bbox 682 1802 727 1878; x_wconf 83' lang='grc' dir='ltr'>ὡς</span> <span class='ocrx_word' id='word_1_104' title='bbox 748 1800 919 1878; x_wconf 88' lang='grc' dir='ltr'>ἀλλήλους.</span> <span class='ocrx_word' id='word_1_105' title='bbox 953 1799 1045 1866; x_wconf 88' lang='lat' dir='ltr'><strong>Libri</strong></span> <span class='ocrx_word' id='word_1_106' title='bbox 1079 1799 1249 1866; x_wconf 74' lang='lat' dir='ltr'>fluctuant:</span> <span class='ocrx_word' id='word_1_107' title='bbox 1285 1802 1343 1866; x_wconf 86' lang='lat' dir='ltr'>alii</span> <span class='ocrx_word' id='word_1_108' title='bbox 1369 1801 1421 1884; x_wconf 84' lang='lat' dir='ltr'>(R.</span> <span class='ocrx_word' id='word_1_109' title='bbox 1460 1798 1508 1884; x_wconf 92' lang='lat' dir='ltr'>B)</span> <span class='ocrx_word' id='word_1_110' title='bbox 1547 1796 1587 1872; x_wconf 88' lang='grc' dir='ltr'>εἰς</span> 
     </span>
     <span class='ocr_line' id='line_1_14' title="bbox 302 1905 1587 1992; baseline -0.006 -18"><span class='ocrx_word' id='word_1_111' title='bbox 302 1907 582 1990; x_wconf 66' lang='lat' dir='ltr'>habentinam</span> <span class='ocrx_word' id='word_1_112' title='bbox 619 1908 670 1992; x_wconf 84' lang='lat' dir='ltr'>(A.</span> <span class='ocrx_word' id='word_1_113' title='bbox 698 1909 726 1974; x_wconf 89' lang='grc' dir='ltr'>Γ.</span> <span class='ocrx_word' id='word_1_114' title='bbox 754 1907 805 1990; x_wconf 84' lang='grc' dir='ltr'>Ν).</span> <span class='ocrx_word' id='word_1_115' title='bbox 843 1907 1026 1992; x_wconf 86' lang='lat' dir='ltr'><strong>Utrumque</strong></span> <span class='ocrx_word' id='word_1_116' title='bbox 1061 1908 1191 1989; x_wconf 79' lang='lat' dir='ltr'>bonurn,</span> <span class='ocrx_word' id='word_1_117' title='bbox 1227 1914 1264 1974; x_wconf 92' lang='lat' dir='ltr'>ut</span> <span class='ocrx_word' id='word_1_118' title='bbox 1298 1908 1381 1992; x_wconf 81' lang='lat' dir='ltr'><strong>nihil</strong></span> <span class='ocrx_word' id='word_1_119' title='bbox 1416 1926 1509 1992; x_wconf 86' lang='lat' dir='ltr'><strong>opus</strong></span> <span class='ocrx_word' id='word_1_120' title='bbox 1547 1905 1587 1971; x_wconf 91' lang='lat' dir='ltr'>sit</span> 
     </span>
     <span class='ocr_line' id='line_1_15' title="bbox 301 2015 1583 2100; baseline -0.005 -18"><span class='ocrx_word' id='word_1_121' title='bbox 301 2015 463 2083; x_wconf 87' lang='lat' dir='ltr'><strong>Dindorfii</strong></span> <span class='ocrx_word' id='word_1_122' title='bbox 489 2016 731 2092; x_wconf 73' lang='lat' dir='ltr'>coniecturas</span> <span class='ocrx_word' id='word_1_123' title='bbox 765 2015 865 2081; x_wconf 90' lang='lat' dir='ltr'>Mein.</span> <span class='ocrx_word' id='word_1_124' title='bbox 906 2016 939 2082; x_wconf 92' lang='lat' dir='ltr'>in</span> <span class='ocrx_word' id='word_1_125' title='bbox 975 2016 1157 2097; x_wconf 81' lang='lat' dir='ltr'><strong>exemplum</strong></span> <span class='ocrx_word' id='word_1_126' title='bbox 1191 2023 1336 2100; x_wconf 81' lang='lat' dir='ltr'>recepta,</span> <span class='ocrx_word' id='word_1_127' title='bbox 1366 2017 1583 2084; x_wconf 82' lang='lat' dir='ltr'>Bachmanno</span> 
     </span>
     <span class='ocr_line' id='line_1_16' title="bbox 301 2124 1580 2216; baseline -0.007 -24"><span class='ocrx_word' id='word_1_128' title='bbox 301 2125 442 2208; x_wconf 81' lang='lat' dir='ltr'>probata</span> <span class='ocrx_word' id='word_1_129' title='bbox 462 2127 506 2208; x_wconf 85' lang='grc' dir='ltr'>(ρ,</span> <span class='ocrx_word' id='word_1_130' title='bbox 536 2125 621 2204; x_wconf 87' lang='grc'>115),</span> <span class='ocrx_word' id='word_1_131' title='bbox 647 2125 692 2202; x_wconf 86' lang='grc' dir='ltr'>εἰς</span> <span class='ocrx_word' id='word_1_132' title='bbox 716 2125 872 2209; x_wconf 85' lang='grc' dir='ltr'>ἀλλήλων.</span> <span class='ocrx_word' id='word_1_133' title='bbox 897 2124 1097 2214; x_wconf 83' lang='lat' dir='ltr'>Ravennatis</span> <span class='ocrx_word' id='word_1_134' title='bbox 1122 2125 1298 2192; x_wconf 85' lang='lat' dir='ltr'><strong>tectionem</strong></span> <span class='ocrx_word' id='word_1_135' title='bbox 1315 2125 1492 2216; x_wconf 83' lang='lat' dir='ltr'>Vahlenus</span> <span class='ocrx_word' id='word_1_136' title='bbox 1511 2128 1580 2189; x_wconf 85' lang='lat' dir='ltr'>tua·</span> 
     </span>
     <span class='ocr_line' id='line_1_17' title="bbox 300 2231 1580 2317; baseline -0.002 -19"><span class='ocrx_word' id='word_1_137' title='bbox 300 2241 355 2298; x_wconf 86' lang='lat' dir='ltr'>tur</span> <span class='ocrx_word' id='word_1_138' title='bbox 379 2235 422 2314; x_wconf 86' lang='lat' dir='ltr'>(p.</span> <span class='ocrx_word' id='word_1_139' title='bbox 450 2232 627 2317; x_wconf 66' lang='lat' dir='ltr'>lat-925</span> <span class='ocrx_word' id='word_1_140' title='bbox 653 2233 698 2309; x_wconf 86' lang='grc' dir='ltr'>ὼς</span> <span class='ocrx_word' id='word_1_141' title='bbox 720 2234 811 2295; x_wconf 83' lang='grc' dir='ltr'>σὲ-</span> <span class='ocrx_word' id='word_1_142' title='bbox 828 2232 950 2296; x_wconf 84' lang='grc' dir='ltr'>εἴσεισι.</span> <span class='ocrx_word' id='word_1_143' title='bbox 988 2235 1051 2295; x_wconf 92' lang='grc'>933</span> <span class='ocrx_word' id='word_1_144' title='bbox 1077 2231 1157 2296; x_wconf 84' lang='grc' dir='ltr'>εἶσιν</span> <span class='ocrx_word' id='word_1_145' title='bbox 1182 2233 1227 2312; x_wconf 84' lang='grc' dir='ltr'>ὡς</span> <span class='ocrx_word' id='word_1_146' title='bbox 1250 2235 1315 2312; x_wconf 78' lang='grc' dir='ltr'>ἐμέ.</span> <span class='ocrx_word' id='word_1_147' title='bbox 1343 2237 1427 2298; x_wconf 90' lang='grc'>1005</span> <span class='ocrx_word' id='word_1_148' title='bbox 1452 2233 1580 2298; x_wconf 84' lang='grc' dir='ltr'>ἕπου·-</span> 
     </span>
     <span class='ocr_line' id='line_1_18' title="bbox 302 2331 1579 2428; baseline -0.007 -19"><span class='ocrx_word' id='word_1_149' title='bbox 302 2343 347 2419; x_wconf 78' lang='grc' dir='ltr'>ιὶις</span> <span class='ocrx_word' id='word_1_150' title='bbox 370 2341 435 2420; x_wconf 82' lang='grc' dir='ltr'>ἐμέ.</span> <span class='ocrx_word' id='word_1_151' title='bbox 462 2343 548 2426; x_wconf 84' lang='grc'>1013</span> <span class='ocrx_word' id='word_1_152' title='bbox 574 2340 709 2428; x_wconf 79' lang='grc' dir='ltr'>βαδίζειν</span> <span class='ocrx_word' id='word_1_153' title='bbox 734 2338 779 2416; x_wconf 83' lang='grc' dir='ltr'>ὡς</span> <span class='ocrx_word' id='word_1_154' title='bbox 806 2339 871 2418; x_wconf 85' lang='grc' dir='ltr'>ἐμέ.</span> <span class='ocrx_word' id='word_1_155' title='bbox 910 2341 995 2406; x_wconf 88' lang='grc'>1028</span> <span class='ocrx_word' id='word_1_156' title='bbox 1033 2338 1222 2420; x_wconf 82' lang='grc' dir='ltr'>ἀκολουθεῖν</span> <span class='ocrx_word' id='word_1_157' title='bbox 1257 2341 1303 2418; x_wconf 85' lang='grc' dir='ltr'>ὡς</span> <span class='ocrx_word' id='word_1_158' title='bbox 1331 2341 1397 2419; x_wconf 82' lang='grc' dir='ltr'>ἐμέ.</span> <span class='ocrx_word' id='word_1_159' title='bbox 1425 2341 1519 2408; x_wconf 87' lang='grc'>1084</span> <span class='ocrx_word' id='word_1_160' title='bbox 1543 2331 1579 2400; x_wconf 78' lang='grc' dir='ltr'>ἴθ’</span> 
     </span>
     <span class='ocr_line' id='line_1_19' title="bbox 302 2429 1633 2530; baseline -0.005 -18"><span class='ocrx_word' id='word_1_161' title='bbox 302 2449 348 2526; x_wconf 81' lang='grc' dir='ltr'>ὡς</span> <span class='ocrx_word' id='word_1_162' title='bbox 374 2448 441 2530; x_wconf 84' lang='grc' dir='ltr'>Ιἐμέ.</span> <span class='ocrx_word' id='word_1_163' title='bbox 468 2449 552 2512; x_wconf 91' lang='grc'>1088</span> <span class='ocrx_word' id='word_1_164' title='bbox 578 2446 774 2530; x_wconf 83' lang='grc' dir='ltr'>βάδιζε-ὼς</span> <span class='ocrx_word' id='word_1_165' title='bbox 798 2447 812 2510; x_wconf 87' lang='grc' dir='ltr'>ἐ</span> <span class='ocrx_word' id='word_1_166' title='bbox 837 2447 862 2510; x_wconf 89' lang='grc' dir='ltr'>έ.</span> <span class='ocrx_word' id='word_1_167' title='bbox 1212 2429 1217 2440; x_wconf 70' lang='grc'><strong>’</strong></span> <span class='ocrx_word' id='word_1_168' title='bbox 1365 2515 1367 2522; x_wconf 46' lang='grc'>,</span> <span class='ocrx_word' id='word_1_169' title='bbox 1439 2494 1442 2507; x_wconf 88' lang='grc'>.</span> <span class='ocrx_word' id='word_1_170' title='bbox 1632 2471 1633 2476; x_wconf 54' lang='grc'>’</span> 
     </span>
    </p>

    <p class='ocr_par' dir='ltr' id='par_1_8' title="bbox 297 2549 1633 2750">
     <span class='ocr_line' id='line_1_20' title="bbox 344 2549 1633 2643; baseline -0.005 -25"><span class='ocrx_word' id='word_1_171' title='bbox 344 2552 394 2619; x_wconf 88' lang='lat' dir='ltr'>Pl.</span> <span class='ocrx_word' id='word_1_172' title='bbox 416 2556 461 2620; x_wconf 89' lang='grc'>89</span> <span class='ocrx_word' id='word_1_173' title='bbox 485 2551 564 2636; x_wconf 87' lang='grc' dir='ltr'>(ὅτι)</span> <span class='ocrx_word' id='word_1_174' title='bbox 583 2552 634 2642; x_wconf 78' lang='grc' dir='ltr'>Ιιὶις</span> <span class='ocrx_word' id='word_1_175' title='bbox 657 2553 733 2630; x_wconf 89' lang='grc' dir='ltr'>τοὺς</span> <span class='ocrx_word' id='word_1_176' title='bbox 758 2549 898 2632; x_wconf 84' lang='grc' dir='ltr'>δικαίους</span> <span class='ocrx_word' id='word_1_177' title='bbox 922 2554 1229 2634; x_wconf 78' lang='grc' dir='ltr'>κτλ-βαδιοίμην.</span> <span class='ocrx_word' id='word_1_178' title='bbox 1265 2561 1306 2620; x_wconf 91' lang='grc'>97</span> <span class='ocrx_word' id='word_1_179' title='bbox 1338 2554 1383 2631; x_wconf 84' lang='grc' dir='ltr'>ὡς</span> <span class='ocrx_word' id='word_1_180' title='bbox 1416 2553 1503 2641; x_wconf 85' lang='grc' dir='ltr'>τοὺς</span> <span class='ocrx_word' id='word_1_181' title='bbox 1540 2554 1580 2612; x_wconf 87' lang='grc' dir='ltr'>δι·</span> <span class='ocrx_word' id='word_1_182' title='bbox 1632 2599 1633 2643; x_wconf 17' lang='grc' dir='ltr'>χ</span> 
     </span>
     <span class='ocr_line' id='line_1_21' title="bbox 297 2647 1579 2750; baseline 0 -26"><span class='ocrx_word' id='word_1_183' title='bbox 297 2662 410 2745; x_wconf 79' lang='grc' dir='ltr'>χαίους</span> <span class='ocrx_word' id='word_1_184' title='bbox 435 2647 464 2726; x_wconf 81' lang='grc' dir='ltr'>δ’</span> <span class='ocrx_word' id='word_1_185' title='bbox 479 2661 529 2750; x_wconf 81' lang='grc' dir='ltr'>Ιἂν</span> <span class='ocrx_word' id='word_1_186' title='bbox 555 2662 703 2741; x_wconf 81' lang='grc' dir='ltr'>βαδίζοις.</span> <span class='ocrx_word' id='word_1_187' title='bbox 730 2661 792 2724; x_wconf 89' lang='grc'>237</span> <span class='ocrx_word' id='word_1_188' title='bbox 813 2659 864 2748; x_wconf 83' lang='grc' dir='ltr'>,ὡς</span> <span class='ocrx_word' id='word_1_189' title='bbox 887 2661 1048 2738; x_wconf 87' lang='grc' dir='ltr'>φειδωλὸν</span> <span class='ocrx_word' id='word_1_190' title='bbox 1063 2661 1226 2726; x_wconf 87' lang='grc' dir='ltr'>εἰσελθών.</span> <span class='ocrx_word' id='word_1_191' title='bbox 1252 2659 1314 2728; x_wconf 89' lang='grc'>242</span> <span class='ocrx_word' id='word_1_192' title='bbox 1332 2662 1378 2738; x_wconf 86' lang='grc' dir='ltr'>ὡς</span> <span class='ocrx_word' id='word_1_193' title='bbox 1394 2650 1579 2738; x_wconf 82' lang='grc' dir='ltr'>παραπλῆγ’</span> 
     </span>
    </p>

    <p class='ocr_par' dir='ltr' id='par_1_9' title="bbox 243 2757 1578 2848">
     <span class='ocr_line' id='line_1_22' title="bbox 243 2757 1578 2848; baseline -0.004 -16"><span class='ocrx_word' id='word_1_194' title='bbox 243 2757 245 2764; x_wconf 72' lang='grc'><em>’</em></span> <span class='ocrx_word' id='word_1_195' title='bbox 297 2766 475 2846; x_wconf 85' lang='grc' dir='ltr'>ἄνδρωπον</span> <span class='ocrx_word' id='word_1_196' title='bbox 500 2767 665 2848; x_wconf 85' lang='grc' dir='ltr'>εἰσελθών,</span> <span class='ocrx_word' id='word_1_197' title='bbox 690 2784 829 2848; x_wconf 85' lang='lat' dir='ltr'><strong>quorum</strong></span> <span class='ocrx_word' id='word_1_198' title='bbox 853 2766 1002 2832; x_wconf 85' lang='lat' dir='ltr'><strong>locorum</strong></span> <span class='ocrx_word' id='word_1_199' title='bbox 1027 2766 1059 2834; x_wconf 90' lang='lat' dir='ltr'>in</span> <span class='ocrx_word' id='word_1_200' title='bbox 1092 2767 1149 2832; x_wconf 87' lang='lat' dir='ltr'><strong>illo</strong></span> <span class='ocrx_word' id='word_1_201' title='bbox 1183 2787 1296 2835; x_wconf 86' lang='lat' dir='ltr'>omnes</span> <span class='ocrx_word' id='word_1_202' title='bbox 1326 2769 1395 2832; x_wconf 86' lang='lat' dir='ltr'><strong>fere</strong></span> <span class='ocrx_word' id='word_1_203' title='bbox 1432 2765 1578 2838; x_wconf 83' lang='lat' dir='ltr'><strong>codices,</strong></span> 
     </span>
    </p>

    <p class='ocr_par' dir='ltr' id='par_1_10' title="bbox 296 2851 1632 3302">
     <span class='ocr_line' id='line_1_23' title="bbox 297 2851 1632 3012; baseline 0 -76"><span class='ocrx_word' id='word_1_204' title='bbox 297 2873 329 2938; x_wconf 92' lang='lat' dir='ltr'>in</span> <span class='ocrx_word' id='word_1_205' title='bbox 355 2874 416 2940; x_wconf 84' lang='lat' dir='ltr'>hoc</span> <span class='ocrx_word' id='word_1_206' title='bbox 440 2873 539 2957; x_wconf 84' lang='lat' dir='ltr'><strong>pauci</strong></span> <span class='ocrx_word' id='word_1_207' title='bbox 564 2873 676 2955; x_wconf 82' lang='lat' dir='ltr'>(etiarn</span> <span class='ocrx_word' id='word_1_208' title='bbox 700 2871 747 2956; x_wconf 90' lang='lat' dir='ltr'>V)</span> <span class='ocrx_word' id='word_1_209' title='bbox 770 2873 815 2951; x_wconf 86' lang='grc' dir='ltr'>εἰς</span> <span class='ocrx_word' id='word_1_210' title='bbox 849 2874 1020 2956; x_wconf 79' lang='lat' dir='ltr'>praebent,</span> <span class='ocrx_word' id='word_1_211' title='bbox 1059 2874 1154 2957; x_wconf 83' lang='lat' dir='ltr'><strong>quod,</strong></span> <span class='ocrx_word' id='word_1_212' title='bbox 1191 2877 1231 2942; x_wconf 83' lang='lat' dir='ltr'>de</span> <span class='ocrx_word' id='word_1_213' title='bbox 1264 2893 1406 2959; x_wconf 84' lang='lat' dir='ltr'>persona</span> <span class='ocrx_word' id='word_1_214' title='bbox 1440 2874 1576 2948; x_wconf 80' lang='lat' dir='ltr'><strong>dictum,</strong></span> <span class='ocrx_word' id='word_1_215' title='bbox 1629 2851 1632 3012; x_wconf 43' lang='grc' dir='ltr'>ἱ</span> 
     </span>
     <span class='ocr_line' id='line_1_24' title="bbox 296 2979 1632 3076; baseline -0.002 -31"><span class='ocrx_word' id='word_1_216' title='bbox 296 2981 369 3046; x_wconf 86' lang='lat' dir='ltr'>sine</span> <span class='ocrx_word' id='word_1_217' title='bbox 394 2981 493 3046; x_wconf 90' lang='lat' dir='ltr'><strong>dubio</strong></span> <span class='ocrx_word' id='word_1_218' title='bbox 521 2980 676 3046; x_wconf 88' lang='lat' dir='ltr'><strong>vitiosum</strong></span> <span class='ocrx_word' id='word_1_219' title='bbox 702 2986 763 3046; x_wconf 88' lang='lat' dir='ltr'><strong>est.</strong></span> <span class='ocrx_word' id='word_1_220' title='bbox 788 2979 825 3049; x_wconf 86' lang='lat' dir='ltr'>V.</span> <span class='ocrx_word' id='word_1_221' title='bbox 851 2980 984 3046; x_wconf 84' lang='lat' dir='ltr'>Bachnr.</span> <span class='ocrx_word' id='word_1_222' title='bbox 1011 3002 1042 3064; x_wconf 90' lang='lat' dir='ltr'>p.</span> <span class='ocrx_word' id='word_1_223' title='bbox 1070 2987 1143 3061; x_wconf 85' lang='lat'>115,</span> <span class='ocrx_word' id='word_1_224' title='bbox 1175 2983 1313 3049; x_wconf 86' lang='lat' dir='ltr'><strong>Elnrslei</strong></span> <span class='ocrx_word' id='word_1_225' title='bbox 1337 2983 1417 3048; x_wconf 75' lang='lat' dir='ltr'>Aah.</span> <span class='ocrx_word' id='word_1_226' title='bbox 1441 3003 1472 3065; x_wconf 91' lang='lat' dir='ltr'>p.</span> <span class='ocrx_word' id='word_1_227' title='bbox 1504 2984 1575 3047; x_wconf 90' lang='grc'>127.</span> <span class='ocrx_word' id='word_1_228' title='bbox 1631 3021 1632 3076; x_wconf 83' lang='lat' dir='ltr'><strong>i</strong></span> 
     </span>
     <span class='ocr_line' id='line_1_25' title="bbox 297 3085 1632 3171; baseline -0.001 -21"><span class='ocrx_word' id='word_1_229' title='bbox 297 3092 362 3152; x_wconf 88' lang='grc'>404</span> <span class='ocrx_word' id='word_1_230' title='bbox 387 3088 433 3164; x_wconf 85' lang='grc' dir='ltr'>ὡς</span> <span class='ocrx_word' id='word_1_231' title='bbox 457 3085 505 3168; x_wconf 82' lang='grc' dir='ltr'>ἔμ’</span> <span class='ocrx_word' id='word_1_232' title='bbox 529 3086 625 3164; x_wconf 87' lang='grc' dir='ltr'>ἦλθεν</span> <span class='ocrx_word' id='word_1_233' title='bbox 648 3087 865 3152; x_wconf 86' lang='grc' dir='ltr'>οὐδεπώποτε.</span> <span class='ocrx_word' id='word_1_234' title='bbox 891 3092 955 3154; x_wconf 90' lang='grc'>495</span> <span class='ocrx_word' id='word_1_235' title='bbox 981 3090 1126 3171; x_wconf 27' lang='grc' dir='ltr'>ὡςιτοὺς</span> <span class='ocrx_word' id='word_1_236' title='bbox 1150 3091 1291 3169; x_wconf 87' lang='grc' dir='ltr'>ἀγαθοὺς</span> <span class='ocrx_word' id='word_1_237' title='bbox 1311 3093 1376 3154; x_wconf 86' lang='grc' dir='ltr'>τῶν</span> <span class='ocrx_word' id='word_1_238' title='bbox 1394 3090 1575 3166; x_wconf 87' lang='grc' dir='ltr'>ἀνθρώπων</span> <span class='ocrx_word' id='word_1_239' title='bbox 1631 3101 1632 3104; x_wconf 73' lang='grc'>’</span> 
     </span>
     <span class='ocr_line' id='line_1_26' title="bbox 297 3194 1230 3275; baseline 0.001 -18"><span class='ocrx_word' id='word_1_240' title='bbox 297 3197 460 3271; x_wconf 82' lang='grc' dir='ltr'>βαδιεῖται.</span> <span class='ocrx_word' id='word_1_241' title='bbox 489 3195 572 3256; x_wconf 94' lang='grc'>1201</span> <span class='ocrx_word' id='word_1_242' title='bbox 598 3194 754 3273; x_wconf 82' lang='grc' dir='ltr'>ἥξει-ὡς</span> <span class='ocrx_word' id='word_1_243' title='bbox 779 3195 817 3258; x_wconf 87' lang='grc' dir='ltr'>σέ</span> <span class='ocrx_word' id='word_1_244' title='bbox 856 3197 941 3260; x_wconf 87' lang='grc'>1203</span> <span class='ocrx_word' id='word_1_245' title='bbox 965 3196 1140 3274; x_wconf 81' lang='grc' dir='ltr'>ἥξειν-ὡς</span> <span class='ocrx_word' id='word_1_246' title='bbox 1165 3196 1230 3275; x_wconf 85' lang='grc' dir='ltr'>ἐμέ.</span> 
     </span>
    </p>

    <p class='ocr_par' dir='ltr' id='par_1_11' title="bbox 343 3300 658 3367">
     <span class='ocr_line' id='line_1_27' title="bbox 343 3300 658 3367; baseline 0.01 -4"><span class='ocrx_word' id='word_1_247' title='bbox 343 3300 482 3366; x_wconf 84' lang='lat' dir='ltr'>Restant</span> <span class='ocrx_word' id='word_1_248' title='bbox 504 3301 569 3366; x_wconf 89' lang='lat' dir='ltr'>duo</span> <span class='ocrx_word' id='word_1_249' title='bbox 593 3301 658 3367; x_wconf 86' lang='lat' dir='ltr'><strong>loci</strong></span> 
     </span>
    </p>

    <p class='ocr_par' dir='ltr' id='par_1_12' title="bbox 340 3408 1031 3491">
     <span class='ocr_line' id='line_1_28' title="bbox 340 3408 1031 3491; baseline 0 -19"><span class='ocrx_word' id='word_1_250' title='bbox 340 3408 378 3472; x_wconf 85' lang='grc' dir='ltr'>Α.</span> <span class='ocrx_word' id='word_1_251' title='bbox 403 3409 478 3490; x_wconf 85' lang='grc'>242,</span> <span class='ocrx_word' id='word_1_252' title='bbox 504 3410 543 3474; x_wconf 82' lang='lat' dir='ltr'>da</span> <span class='ocrx_word' id='word_1_253' title='bbox 569 3427 632 3491; x_wconf 86' lang='lat' dir='ltr'>quo</span> <span class='ocrx_word' id='word_1_254' title='bbox 658 3409 847 3491; x_wconf 85' lang='lat' dir='ltr'><strong>supradixi</strong></span> <span class='ocrx_word' id='word_1_255' title='bbox 872 3429 903 3490; x_wconf 92' lang='lat' dir='ltr'>p.</span> <span class='ocrx_word' id='word_1_256' title='bbox 929 3415 971 3476; x_wconf 88' lang='grc'>48</span> <span class='ocrx_word' id='word_1_257' title='bbox 998 3421 1031 3473; x_wconf 89' lang='lat' dir='ltr'>et</span> 
     </span>
    </p>

    <p class='ocr_par' dir='ltr' id='par_1_13' title="bbox 293 3473 1632 4230">
     <span class='ocr_line' id='line_1_29' title="bbox 338 3473 1632 3596; baseline -0.005 -18"><span class='ocrx_word' id='word_1_258' title='bbox 338 3514 375 3578; x_wconf 90' lang='lat' dir='ltr'>P.</span> <span class='ocrx_word' id='word_1_259' title='bbox 400 3517 465 3582; x_wconf 86' lang='grc'>174</span> <span class='ocrx_word' id='word_1_260' title='bbox 488 3517 628 3596; x_wconf 88' lang='grc' dir='ltr'>πρόσεχε</span> <span class='ocrx_word' id='word_1_261' title='bbox 651 3517 708 3580; x_wconf 90' lang='grc' dir='ltr'>τὸν</span> <span class='ocrx_word' id='word_1_262' title='bbox 732 3520 811 3581; x_wconf 84' lang='grc' dir='ltr'>ναόν</span> <span class='ocrx_word' id='word_1_263' title='bbox 836 3516 881 3593; x_wconf 83' lang='grc' dir='ltr'>ιδς</span> <span class='ocrx_word' id='word_1_264' title='bbox 905 3517 968 3596; x_wconf 80' lang='grc' dir='ltr'>ἐμέ·</span> <span class='ocrx_word' id='word_1_265' title='bbox 994 3517 1054 3596; x_wconf 89' lang='grc' dir='ltr'>ἤδη</span> <span class='ocrx_word' id='word_1_266' title='bbox 1080 3516 1210 3594; x_wconf 87' lang='grc' dir='ltr'>στρέφει</span> <span class='ocrx_word' id='word_1_267' title='bbox 1233 3537 1260 3578; x_wconf 93' lang='grc' dir='ltr'>τι</span> <span class='ocrx_word' id='word_1_268' title='bbox 1283 3516 1406 3593; x_wconf 86' lang='grc' dir='ltr'>πνεῦμα</span> <span class='ocrx_word' id='word_1_269' title='bbox 1430 3516 1503 3593; x_wconf 86' lang='grc' dir='ltr'>περὶ</span> <span class='ocrx_word' id='word_1_270' title='bbox 1519 3511 1572 3576; x_wconf 89' lang='grc' dir='ltr'>τὸν</span> <span class='ocrx_word' id='word_1_271' title='bbox 1631 3473 1632 3559; x_wconf 66' lang='grc'>1</span> 
     </span>
     <span class='ocr_line' id='line_1_30' title="bbox 296 3619 1631 3714; baseline -0.007 -24"><span class='ocrx_word' id='word_1_272' title='bbox 296 3621 456 3714; x_wconf 83' lang='grc' dir='ltr'>όρφᾳλόν.</span> <span class='ocrx_word' id='word_1_273' title='bbox 472 3623 577 3697; x_wconf 78' lang='lat' dir='ltr'><strong>‚Hunc</strong></span> <span class='ocrx_word' id='word_1_274' title='bbox 601 3623 722 3702; x_wconf 83' lang='lat' dir='ltr'><strong>locum,</strong></span> <span class='ocrx_word' id='word_1_275' title='bbox 747 3641 810 3705; x_wconf 89' lang='lat' dir='ltr'>quo</span> <span class='ocrx_word' id='word_1_276' title='bbox 834 3641 940 3704; x_wconf 83' lang='lat' dir='ltr'>neque</span> <span class='ocrx_word' id='word_1_277' title='bbox 965 3623 1020 3700; x_wconf 85' lang='grc' dir='ltr'>ιδς,</span> <span class='ocrx_word' id='word_1_278' title='bbox 1045 3643 1061 3686; x_wconf 86' lang='grc' dir='ltr'>ο</span> <span class='ocrx_word' id='word_1_279' title='bbox 1082 3644 1135 3700; x_wconf 89' lang='grc' dir='ltr'>πρ.</span> <span class='ocrx_word' id='word_1_280' title='bbox 1151 3644 1178 3684; x_wconf 89' lang='grc' dir='ltr'>τ.</span> <span class='ocrx_word' id='word_1_281' title='bbox 1196 3642 1223 3684; x_wconf 89' lang='grc' dir='ltr'>ν.</span> <span class='ocrx_word' id='word_1_282' title='bbox 1242 3640 1449 3704; x_wconf 75' lang='lat' dir='ltr'><strong>suspensum,</strong></span> <span class='ocrx_word' id='word_1_283' title='bbox 1466 3633 1570 3701; x_wconf 85' lang='lat' dir='ltr'>neque</span> <span class='ocrx_word' id='word_1_284' title='bbox 1630 3619 1631 3624; x_wconf 77' lang='grc'>’</span> 
     </span>
     <span class='ocr_line' id='line_1_31' title="bbox 295 3728 1570 3814; baseline 0.002 -20"><span class='ocrx_word' id='word_1_285' title='bbox 295 3730 474 3813; x_wconf 82' lang='lat' dir='ltr'>asyndeton</span> <span class='ocrx_word' id='word_1_286' title='bbox 511 3729 589 3794; x_wconf 80' lang='lat' dir='ltr'><strong>ferri</strong></span> <span class='ocrx_word' id='word_1_287' title='bbox 621 3735 742 3814; x_wconf 88' lang='lat' dir='ltr'><strong>potest,</strong></span> <span class='ocrx_word' id='word_1_288' title='bbox 774 3730 942 3796; x_wconf 85' lang='lat' dir='ltr'><strong>lenissima</strong></span> <span class='ocrx_word' id='word_1_289' title='bbox 975 3729 1164 3794; x_wconf 84' lang='lat' dir='ltr'>coniectura</span> <span class='ocrx_word' id='word_1_290' title='bbox 1196 3729 1381 3794; x_wconf 79' lang='lat' dir='ltr'>emendarit</span> <span class='ocrx_word' id='word_1_291' title='bbox 1412 3728 1570 3811; x_wconf 57' lang='lat' dir='ltr'>Blandus,</span> 
     </span>
     <span class='ocr_line' id='line_1_32' title="bbox 296 3830 1568 3922; baseline -0.004 -18"><span class='ocrx_word' id='word_1_292' title='bbox 296 3857 368 3907; x_wconf 85' lang='lat' dir='ltr'>curn</span> <span class='ocrx_word' id='word_1_293' title='bbox 399 3838 504 3918; x_wconf 84' lang='lat' dir='ltr'>colon,</span> <span class='ocrx_word' id='word_1_294' title='bbox 529 3856 592 3922; x_wconf 89' lang='lat' dir='ltr'>quo</span> <span class='ocrx_word' id='word_1_295' title='bbox 617 3838 713 3921; x_wconf 84' lang='lat' dir='ltr'><strong>vulgo</strong></span> <span class='ocrx_word' id='word_1_296' title='bbox 734 3844 810 3922; x_wconf 86' lang='lat' dir='ltr'><strong>post</strong></span> <span class='ocrx_word' id='word_1_297' title='bbox 833 3839 888 3918; x_wconf 82' lang='grc' dir='ltr'>ἐμέ</span> <span class='ocrx_word' id='word_1_298' title='bbox 911 3837 1135 3920; x_wconf 84' lang='lat' dir='ltr'>distinguitur,</span> <span class='ocrx_word' id='word_1_299' title='bbox 1159 3841 1236 3919; x_wconf 88' lang='lat' dir='ltr'><strong>post</strong></span> <span class='ocrx_word' id='word_1_300' title='bbox 1269 3840 1348 3902; x_wconf 86' lang='grc' dir='ltr'>νοῦν</span> <span class='ocrx_word' id='word_1_301' title='bbox 1383 3837 1503 3920; x_wconf 85' lang='lat' dir='ltr'><strong>posuit.</strong></span> <span class='ocrx_word' id='word_1_302' title='bbox 1534 3830 1568 3894; x_wconf 89' lang='lat' dir='ltr'>V.</span> 
     </span>
     <span class='ocr_line' id='line_1_33' title="bbox 294 3944 1568 4029; baseline -0.01 -15"><span class='ocrx_word' id='word_1_303' title='bbox 294 3946 440 4026; x_wconf 63' lang='lat' dir='ltr'>Baehur„</span> <span class='ocrx_word' id='word_1_304' title='bbox 464 3946 520 4029; x_wconf 89' lang='lat' dir='ltr'>qui</span> <span class='ocrx_word' id='word_1_305' title='bbox 545 3963 619 4011; x_wconf 82' lang='lat' dir='ltr'>cum</span> <span class='ocrx_word' id='word_1_306' title='bbox 644 3947 734 4016; x_wconf 86' lang='lat' dir='ltr'><strong>Cori.</strong></span> <span class='ocrx_word' id='word_1_307' title='bbox 765 3967 796 4028; x_wconf 84' lang='grc' dir='ltr'>ρ.</span> <span class='ocrx_word' id='word_1_308' title='bbox 813 3951 891 4015; x_wconf 86' lang='grc'>,116</span> <span class='ocrx_word' id='word_1_309' title='bbox 921 3947 964 4024; x_wconf 89' lang='grc' dir='ltr'>εἰς</span> <span class='ocrx_word' id='word_1_310' title='bbox 993 3947 1046 4025; x_wconf 83' lang='grc' dir='ltr'>ἐμὲ</span> <span class='ocrx_word' id='word_1_311' title='bbox 1075 3944 1274 4010; x_wconf 82' lang='lat' dir='ltr'><strong>coniecisset</strong></span> <span class='ocrx_word' id='word_1_312' title='bbox 1291 3944 1392 4029; x_wconf 76' lang='lat' dir='ltr'><strong>(quod</strong></span> <span class='ocrx_word' id='word_1_313' title='bbox 1409 3949 1442 4010; x_wconf 84' lang='lat' dir='ltr'>et</span> <span class='ocrx_word' id='word_1_314' title='bbox 1465 3945 1568 4026; x_wconf 86' lang='lat' dir='ltr'><strong>ipsurrr</strong></span> 
     </span>
     <span class='ocr_line' id='line_1_34' title="bbox 294 4049 1568 4138; baseline -0.008 -18"><span class='ocrx_word' id='word_1_315' title='bbox 294 4053 432 4121; x_wconf 75' lang='lat' dir='ltr'><strong>vindici</strong></span> <span class='ocrx_word' id='word_1_316' title='bbox 456 4055 591 4138; x_wconf 81' lang='lat' dir='ltr'><strong>potest),</strong></span> <span class='ocrx_word' id='word_1_317' title='bbox 616 4073 702 4120; x_wconf 85' lang='lat' dir='ltr'>nunc</span> <span class='ocrx_word' id='word_1_318' title='bbox 726 4052 824 4138; x_wconf 83' lang='lat' dir='ltr'><strong>(Phil.</strong></span> <span class='ocrx_word' id='word_1_319' title='bbox 849 4053 876 4114; x_wconf 79' lang='lat' dir='ltr'>V</span> <span class='ocrx_word' id='word_1_320' title='bbox 900 4051 1023 4134; x_wconf 86' lang='lat' dir='ltr'><strong>Suppl.,</strong></span> <span class='ocrx_word' id='word_1_321' title='bbox 1048 4071 1079 4132; x_wconf 86' lang='lat' dir='ltr'>p.</span> <span class='ocrx_word' id='word_1_322' title='bbox 1105 4053 1183 4136; x_wconf 87' lang='grc'>241)</span> <span class='ocrx_word' id='word_1_323' title='bbox 1214 4050 1381 4136; x_wconf 78' lang='lat' dir='ltr'><strong>Biayrlesii</strong></span> <span class='ocrx_word' id='word_1_324' title='bbox 1418 4049 1568 4120; x_wconf 83' lang='lat' dir='ltr'>ernenda-</span> 
     </span>
     <span class='ocr_line' id='line_1_35' title="bbox 293 4152 877 4230; baseline -0.012 -2"><span class='ocrx_word' id='word_1_325' title='bbox 293 4165 418 4228; x_wconf 79' lang='lat' dir='ltr'><strong>tionem</strong></span> <span class='ocrx_word' id='word_1_326' title='bbox 443 4161 571 4230; x_wconf 81' lang='lat' dir='ltr'>ascivit.</span> <span class='ocrx_word' id='word_1_327' title='bbox 845 4152 850 4163; x_wconf 82' lang='lat'>&#39;</span> <span class='ocrx_word' id='word_1_328' title='bbox 874 4177 877 4184; x_wconf 90' lang='lat'>·</span> 
     </span>
    </p>
   </div>
   <div class='ocr_carea' id='block_1_3' title="bbox 0 0 1668 5370">
    <p class='ocr_par' dir='ltr' id='par_1_14' title="bbox 0 0 1668 5370">
     <span class='ocr_line' id='line_1_36' title="bbox 0 0 1668 5370; baseline 0 3"><span class='ocrx_word' id='word_1_329' title='bbox 0 0 1668 5370; x_wconf 95' lang='lat' dir='ltr'> </span> 
     </span>
    </p>
   </div>
  </div>
 </body>
</html>
