3328 5370
753 528 910 586 ...9-

233 696 269 760 t.
293 697 359 760 574
383 692 487 760 πόκου
511 694 546 758 ἐν
571 694 728 777 βαλανείῳ
753 693 965 770 ἐκπλύναντες
993 694 1052 771 τὴν
1075 691 1248 771 οἰσπώτην.

231 799 388 880 βουλίμ
409 797 448 862 Ε.
475 799 537 862 tta
561 800 596 864 ἐν
621 804 718 881 βουλῇ
746 801 1029 878 μεκ-καθυβρίσαι.

232 907 417 984 γράμμα
440 904 544 988 (qnod
565 923 626 986 pro
651 907 857 983 δικαστήριον
881 905 1005 970 dictum
1029 905 1105 985 esti:
1130 904 1188 970 llo.
1211 907 1278 968 883
1300 906 1336 968 ἐν
1362 903 1465 989 ὁποίῳ

185 1033 241 1092 γρ.
265 1015 391 1077 δειπνεῖ.
836 1025 840 1034 ·
1144 1041 1147 1052 .

238 1119 286 1184 Pl.
310 1121 371 1184 972
395 1119 501 1197 ἔπινες
524 1121 628 1204 ἐντῷ
651 1141 704 1198 γρ.
730 1121 815 1184 1167
838 1121 874 1183 ἐν
896 1124 1031 1198 πολλοῖς
1053 1123 1231 1198 γεγράφθαι
1253 1139 1303 1196 γρ.

237 1249 283 1303 γυ
297 1248 317 1304 μ
329 1228 380 1291 νά
394 1242 416 1291 σ
430 1248 440 1290 ι
453 1247 472 1291 ο
485 1247 514 1293 v:
537 1225 576 1294 N.
603 1231 691 1292 1002
717 1229 753 1292 ἐν
774 1229 961 1305 γυμνασίοις
983 1228 1170 1306 διατρίψεις.

234 1334 388 1410 δόμοςε
415 1333 451 1397 Α.
476 1335 541 1397 548
565 1331 702 1411 καθῆσθ’
727 1333 767 1398 ἂν
790 1335 826 1399 ἐν
849 1335 1005 1412 δόμοισιν.ι

233 1445 289 1505 δῶ
302 1459 367 1518 ματ
391 1440 430 1508 Ν.
457 1443 541 1505 1159
566 1441 726 1520 τρέφεται.
737 1439 841 1508 τοῖσδ’
865 1442 912 1506 ἐνί
934 1442 1072 1518 δώμασι.

232 1546 480 1623 όωμιίτιονι
502 1543 562 1608 Ec.
586 1547 606 1607 8
630 1544 689 1609 κόν
711 1549 797 1610 τοῖσι
820 1545 1026 1622 δωματίοισιν
1042 1545 1234 1624 Ἀφροδίτης
1252 1545 1382 1622 τρόπων
1398 1564 1464 1609 πει·

185 1651 360 1730 ρωμὲναισι
389 1651 528 1728 πλησίον
554 1655 783 1729 παραστατεῖς.
1182 1725 1185 1730 ,

233 1755 779 1840 lopo(quodhin„ten1plum“
812 1757 1004 1840 significati:
1030 1758 1067 1824 R.
1108 1761 1173 1826 324
1207 1760 1391 1836 πολυτίμοις
1430 1759 1467 1823 ἐν

188 1865 453 1946 ἕδραις-ναίων.
922 1877 925 1884 “

233 1971 419 2048 εόστραε
444 1968 483 2034 Ε.
511 1971 595 2032 laet
619 1972 655 2034 ἐν
678 1973 783 2035 ταῖσιν
807 1971 854 2035 εύ.
878 1970 1047 2048 κονδύλοις
1070 1969 1283 2049 ἡρμοττόμην.

236 2079 365 2156 ἡλιαί
380 2096 411 2141 ατ
436 2076 475 2140 Ε.
498 2079 565 2140 891
589 2078 626 2141 ἐν
647 2078 752 2160 ἡλιαίᾳ
776 2081 935 2157 βδέοντες.

238 2189 458 2262 θάλαμοςτ
482 2183 518 2248 L.
546 2187 608 2250 593
633 2186 668 2249 ἐν
692 2189 760 2263 τοῖς
784 2191 813 2248 θ.
837 2189 1087 2262 γηρασκουσῶν.

233 2293 378 2370 θύραις
401 2289 439 2354 Ρ.
468 2294 529 2355 179
553 2293 601 2369 τίς
624 2293 659 2357 ἐν
682 2292 763 2369 Διὸς
788 2293 936 2370 θύραισιν
959 2295 1022 2374 (so.
1046 2291 1139 2376 ἐστῆ;
1175 2291 1262 2373 quod
1292 2293 1343 2356 est
1367 2289 1463 2372 „quis

188 2399 325 2466 tutelam
348 2397 468 2462 ianuae
489 2397 611 2481 ποιῆθ’*
637 2398 694 2464 ubi
717 2397 829 2480 potins
853 2397 946 2478 θύραι
967 2416 1034 2464 non
1056 2399 1172 2464 ianuas
1197 2398 1300 2479 ipsos,
1323 2397 1382 2462 sed
1398 2394 1466 2460 adi-

192 2514 261 2571 tum
285 2503 476 2586 significare
500 2504 710 2576 crediderim,
734 2523 830 2588 qnam
854 2506 890 2570 ἐν
912 2523 987 2571 esse
1015 2501 1154 2588 „repunt
1177 2509 1215 2569 ut
1249 2503 1279 2569 si
1314 2503 1390 2568 urbi
1413 2502 1468 2568 vel

193 2613 319 2680 insulae
344 2612 492 2676 iunctum
516 2618 616 2678 esset.
1498 2661 1500 2667 .

235 2718 380 2796 λερόνε
403 2717 462 2784 Αν.
490 2719 555 2782 525
579 2714 734 2797 βάλλουσ’
759 2717 841 2794 όμᾶς
864 2715 924 2781 κάν
946 2720 1015 2794 τοῖς
1038 2717 1069 2792 ί.,
1102 2721 1165 2795 πᾶς
1194 2735 1240 2794 τις
1263 2712 1316 2794 ἐφ’
1341 2717 1414 2792 ύμῖν
1438 2711 1467 2777 δ’

193 2824 373 2903 ὀρνιθευτὴς
407 2823 517 2900 ίστησι
553 2821 705 2901 βρόχους.
728 2822 836 2904 Vulgo
862 2839 991 2890 comma
1012 2827 1091 2902 post
1113 2821 1196 2901 ύμθς
1217 2821 1362 2903 ponitur,
1386 2819 1468 2884 Mei·

191 2929 315 2998 nekeus
336 2935 448 2994 antem
472 2927 616 3008 Bergkio
641 2935 823 3008 praeeunte
846 2930 946 2994 rerba
969 2929 1029 2994 κάν
1051 2932 1121 3005 τοῖς
1143 2927 1165 2992 l.
1191 2924 1466 3009 praecedentibus

190 3037 301 3122 iungit
322 3038 374 3119 (ut
398 3035 442 3099 sit
468 3034 523 3115 „in
543 3031 680 3114 templis
704 3036 836 3118 adeo“):
861 3053 970 3116 neque
995 3034 1084 3100 enim
1106 3034 1277 3116 probabile
1300 3047 1386 3110 esse,
1411 3049 1467 3096 au·

188 3161 291 3227 enpes
313 3145 346 3210 in
369 3142 501 3224 templis
524 3140 611 3205 retia
633 3139 836 3208 tetendisse·
850 3141 923 3218 Quo
946 3140 1046 3219 laeto,
1069 3147 1109 3206 ut
1128 3141 1310 3223 asyndeton
1333 3139 1466 3217 vitaret,

187 3250 380 3318 necessario
404 3246 433 3313 b‘
456 3248 600 3314 inseruit
621 3253 697 3329 post
719 3248 805 3327 ὑμῖν,
827 3265 893 3312 non
917 3248 999 3313 satis
1034 3248 1154 3313 idoneo
1189 3249 1274 3322 loeo,
1310 3249 1348 3312 ut
1380 3242 1466 3309 mibi

187 3357 327 3425 videtur.
352 3355 417 3422 Sed
441 3356 524 3420 nihil
547 3360 672 3420 temere
697 3360 749 3420 est
770 3354 976 3419 mutandum.
1010 3353 1092 3418 Nam
1120 3353 1232 3420 silon
1256 3354 1345 3436 apud
1366 3349 1465 3418 Enri-

186 3466 299 3549 pidem
324 3464 369 3548 (ν.
394 3464 472 3544 158)
496 3461 624 3542 avibus,
648 3463 691 3528 ad
713 3461 873 3544 templum
897 3460 1139 3536 advolantibus,
1164 3460 1319 3536 minatur,
1348 3478 1384 3525 se
1409 3475 1467 3525 eas

188 3571 319 3654 sagittis
341 3568 534 3650 petiturum,
558 3569 640 3652 quid
661 3569 792 3646 mirum,
817 3567 847 3634 si
870 3567 954 3633 retia
978 3583 1106 3649 quoque
1129 3565 1175 3632 ibi
1198 3566 1379 3632 tendebant
1404 3583 1468 3631 ou·

188 3675 307 3759 cupos?
328 3676 373 3759 (ν.
388 3675 491 3741 Κοοίτ.
509 3693 582 3741 ann.
600 3681 635 3741 et
649 3674 750 3740 Mein.
765 3674 866 3739 vind.
879 3693 913 3756 ρ.
928 3673 1129 3757 tei-1109
1144 3675 1180 3738 ἐν
1194 3673 1294 3752 ἱεροῖς
1309 3672 1467 3750 οἰκήσετε.

231 3783 290 3849 Th.
314 3785 380 3848 965
403 3787 509 3860 κακῶς
531 3783 617 3860 ἐρεῖν
644 3783 679 3848 ἐν
701 3782 954 3866 ἱερῷ-ἄνδρας.

232 3889 271 3955 R.
298 3891 385 3956 1080
407 3888 578 3966 τικτούσας
602 3890 729 3964 ἐντοῖς
752 3889 774 3952 i.

234 3994 466 4072 καπηλεία
479 4012 509 4058 v:
524 3994 583 4058 Ec.
604 3997 666 4060 154
683 3995 719 4060 ἐν
731 3998 800 4074 τοῖς
816 3997 1015 4074 καπηλείοισι
1030 3997 1169 4073 λάκκους
1181 3996 1322 4074 ἐμποιεῖν
1337 3995 1468 4071 ὕδατος.

233 4105 514 4179 κασωρεῖον.
538 4098 578 4164 Ε.
605 4103 689 4167 1285
715 4103 751 4168 ἐν
774 4101 983 4179 κασωρείοισι
1017 4101 1131 4180 λείχων
1164 4102 1223 4179 τὴν
1258 4100 1468 4166 ἀπόπτυστον

186 4208 328 4290 δρόσον.

234 4315 396 4393 κούρει
411 4333 473 4380 ονε
496 4314 554 4378 Αν.
582 4315 666 4378 1441
693 4315 774 4382 όταν
797 4315 1016 4392 λέγωσινσέν
1038 4318 1106 4391 τοῖς
1130 4335 1157 4377 κ.

159 4419 166 4434 ’
235 4421 285 4488 Pl.
312 4422 376 4488 838
399 4420 667 4500 λύγος-ἠν-ἐν
689 4425 775 4488 τοῖσι
797 4422 972 4500 κουρείοισι
993 4425 1059 4486 τῶν
1084 4421 1283 4500 καθημένων.
1312 4419 1348 4483 In
1372 4411 1467 4486 libris

191 4545 252 4608 pro
276 4529 311 4594 ἐν
333 4527 457 4610 legitur
480 4527 540 4600 ἐπί,
566 4544 650 4608 quae
673 4528 937 4610 praepositiones
961 4545 1058 4609 quam
1095 4545 1192 4609 saepe
1228 4523 1467 4590 contundantnr

189 4638 281 4704 inter
305 4652 417 4700 ornnes
438 4638 568 4700 constet
590 4632 647 4718 (V.
672 4632 790 4700 cobeti
816 4634 854 4700 l.
878 4634 915 4700 L.
938 4654 971 4716 p.
988 4637 1069 4706 θεν,
1106 4634 1162 4715 qui
1197 4639 1232 4696 et
1264 4630 1331 4696 alia
1363 4631 1469 4696 molta
