3298 5368
762 376 967 460 '-—13t÷-
1049 359 1055 380 ’

251 567 326 631 .11.
351 564 464 637 Altera
489 564 685 650 significatio
721 564 976 648 praepositionis
1011 565 1091 642 ὑπέρ
1122 581 1149 628 α.
1175 580 1254 638 teo„
1280 563 1381 628 etiam
1405 560 1527 644 quoti·

241 673 328 738 diani
352 694 432 740 usus
455 674 600 756 proprie,
624 693 661 738 ea
683 680 743 752 est,
769 691 842 738 eum
872 670 1087 754 praepositio,
1110 687 1284 737 mensurae
1308 670 1439 736 notioni
1467 667 1528 733 ad-
1643 697 1644 706 ι

240 780 363 859 iuncte,
387 780 511 862 aliquid
545 779 636 846 illuni
671 781 802 845 modum
839 778 998 844 excedere
1033 778 1168 856 indicet,
1192 796 1257 860 quo
1288 795 1388 844 sensu
1412 776 1526 840 etiarn

241 890 322 966 πέρα
347 905 374 952 ο.
398 907 471 970 gen.
487 893 674 969 'usurpetur
697 883 867 971 (‚,supra“'‚
895 904 1050 966 „enepxrt
1075 885 1229 969 ooide“).

282 993 341 1062 Εα.
368 995 451 1058 1025
477 995 515 1058 οὐ
540 995 647 1072 κύριος
670 995 749 1073 ὑπὲρ
773 993 923 1072 μέδιμνόν
947 993 1012 1057 ἐστ’
1035 993 1116 1071 ἀνὴρ
1139 993 1246 1070 οὐδεὶς
1270 992 1324 1058 ἐτι.
1354 989 1401 1058 ef.
1427 987 1528 1056 Iseei

241 1101 279 1164 de
314 1101 414 1167 Arist.
450 1101 557 1178 hered.
595 1104 634 1164 10
667 1100 711 1183 (p.
749 1103 812 1166 259
848 1100 903 1181 R.)
937 1099 969 1162 ὁ.
990 1101 1050 1178 γὰρ
1078 1101 1178 1178 νόμος
1201 1101 1376 1179 διαρρήδην
1399 1098 1527 1164 κωλύει

154 1293 160 1305 st
240 1210 326 1272 παιδὶ
348 1210 390 1287 μὴ
414 1208 526 1274 ἐξεῖναι
550 1209 740 1288 συμβάλλειν
763 1211 842 1288 μηδὲ
864 1209 986 1284 γυναικὶ
1012 1208 1093 1285 πέρα
1116 1208 1264 1285 μεδίμνου
1289 1211 1416 1285 κριθῶν.

808 1530 942 1596 tint.

285 1757 336 1824 De
359 1757 477 1838 formo.
500 1759 655 1824 Retracto
680 1763 817 1823 accentu
841 1758 901 1833 ἐπι,
927 1758 1047 1836 dativo,
1064 1759 1104 1822 nd
1128 1775 1225 1840 quem
1252 1757 1406 1839 pertinet,
1423 1761 1522 1839 post·
1645 1799 1646 1804 κ

242 1865 395 1944 positum,
421 1865 524 1929 semel
547 1865 581 1929 in
603 1863 741 1929 Veleeni
762 1863 918 1929 editione
951 1864 1070 1946 legitur
1106 1881 1144 1929 ex
1168 1857 1295 1929 incerta
1331 1861 1521 1928 Fritzsohei

243 1971 443 2037 coniectura:
478 1971 535 2037 Th.
570 1975 655 2035 1055
688 1969 780 2054 (lyr.)
814 1972 943 2037 νέκυσιν
977 1972 1028 2036 ἔπι
1062 1972 1205 2052 πορείαν,
1235 1969 1290 2035 ubi
1313 1969 1390 2054 libri
1414 1987 1519 2034 manu

244 2080 360 2160 scripti
383 2078 505 2145 habent
539 2079 597 2155 ἐπι,
621 2077 772 2161 plerique
797 2080 883 2160 typis
907 2079 1037 2144 excussi
1071 2079 1130 2156 ἐπί,
1155 2095 1228 2142 oum
1251 2077 1353 2143 verbo
1383 2079 1520 2157 πορείαν

244 2185 464 2253 coniunctum.

286 2289 338 2355 De
371 2312 445 2356 uso.
483 2293 521 2356 In
553 2294 646 2356 tmesi
680 2298 795 2375 quater
828 2291 995 2357 invenitur
1030 2292 1063 2355 in
1096 2291 1302 2374 Lysistratae
1336 2292 1436 2357 choro
1461 2311 1513 2356 vv,

245 2388 473 2477 1280412853
498 2400 643 2481 alioquin
667 2418 740 2464 eum
766 2416 845 2464 eaeo
869 2395 1053 2480 copulatur:
1078 2414 1152 2462 eum
1178 2414 1245 2464 aee.
1266 2399 1338 2475 150,
1354 2415 1427 2462 oum
1448 2399 1516 2463 det.

245 2510 319 2584 145,
345 2524 420 2571 cum
445 2524 519 2594 gen.
544 2510 585 2570 86
610 2506 703 2572 loeis.

539 2792 575 2856 A.
601 2788 701 2866 Ἐπί,
728 2811 755 2857 e.
780 2793 870 2858 aec.
895 2795 1216 2865 coniunctum,

287 3017 312 3080 Ι.
338 3014 457 3080 Ιιοαοίί
480 3033 579 3080 sensu
603 3013 694 3079 vario
718 3015 812 3079 modo
837 3016 969 3086 dieitur:
1526 3100 1530 3106 ι

291 3125 322 3207 1)
347 3122 481 3204 Aliquid
503 3122 541 3186 io
563 3141 723 3188 sommam
756 3122 899 3204 aliquem
937 3141 1005 3188 rem
1035 3123 1160 3188 moveri
1185 3120 1359 3205 signifieat,
1383 3121 1453 3187 sive
1478 3136 1514 3182 ea
1637 3200 1640 3208 A

242 3229 360 3298 resin·
379 3229 517 3295 editiore
541 3229 624 3305 loeo,
648 3230 717 3294 sive
753 3227 909 3296 inferiore
944 3231 1008 3295 nita
1045 3235 1106 3306 est,
1131 3247 1194 3310 quo
1224 3247 1321 3295 sensu
1345 3246 1406 3294 nos
1434 3220 1510 3308 „ndi
1645 3211 1646 3248 ί

134 3418 137 3423 ,
243 3353 269 3400 c.
296 3354 366 3400 ace.
389 3335 499 3401 dicere
524 3336 679 3402 soleinus.
704 3333 923 3417 Suspenditur
947 3352 1057 3401 autern
1083 3355 1122 3401 ex
1146 3336 1265 3413 verbis,
1283 3341 1408 3400 motum
1434 3333 1515 3400 indi·

243 3443 403 3521 cantibus,
428 3444 513 3509 houd
536 3463 611 3509 roro
637 3463 710 3508 eum
733 3444 782 3509 ἐπι
807 3445 856 3508 vel
881 3445 942 3510 ἀνα
965 3445 1017 3508 vel
1041 3446 1142 3510 ἐπανα
1168 3443 1376 3526 compositio.
1415 3495 1422 3514 .

287 3550 325 3613 Ε.
354 3554 414 3615 169
439 3553 613 3631 ἐπανάβηθι
637 3551 709 3615 κάπὶ
731 3551 867 3615 τούλεὸν
891 3553 968 3616 τοδί.

287 3655 326 3719 N.
353 3659 413 3720 147
438 3658 488 3721 ἐπὶ
511 3659 735 3736 τήνκεφαλὴν
769 3657 827 3734 τήν
862 3658 1054 3736 Σωκράτους
1090 3658 1248 3738 ἀφήλατο.
1276 3649 1349 3720 255'
1367 3659 1512 3723 κάθιζε·-

242 3766 292 3828 ἐπὶ
314 3765 372 3828 τὸν
393 3764 481 3842 ἱερὸν
517 3765 685 3842 σκίμποδα.
722 3766 784 3826 279
815 3765 1154 3843 ἀρθῶμεν-κορυφάς
1187 3766 1236 3830 ἐπὶ
1268 3765 1515 3844 δενδροκόμους.

247 3873 330 3936 1467
354 3870 517 3948 ἐπαναβὰς
541 3870 590 3933 ἐπὶ
612 3871 649 3934 τὸ
674 3871 934 3949 φροντιστήριον.
1087 3851 1091 3860 ’

270 3978 346 4042 Ἀν.
371 3979 436 4038 560
460 3977 636 4055 ἐπιβάλλειν
659 3974 912 4055 σφραγῖδ’-ἐπὶ
933 3977 991 4055 τήν
1016 3976 1142 4054 ψωλήν.

288 4082 326 4144 R.
353 4085 415 4145 130
440 4083 562 4160 ἀναβὰς
585 4081 634 4146 ἐπὶ
656 4083 712 4146 τὸν
733 4083 867 4160 πύργον.
895 4087 956 4146 199
980 4082 1038 4147 ‘izo
1058 4079 1101 4147 ’πὶ
1118 4084 1227 4162 κώπην
1244 4081 1297 4166 (de
1315 4100 1380 4165 quo
1397 4083 1516 4160 hvide,

245 4206 329 4271 quae
353 4187 438 4252 infra
460 4189 590 4269 dicam).
615 4190 677 4252 566
700 4189 749 4253 ἐπὶ
770 4189 833 4265 τὴν
862 4188 1307 4269 κατήλιφ’-ἀνεπηδήσαμεν.
1331 4189 1414 4266 Etsi,
1441 4190 1517 4272 quid

243 4296 288 4361 sit
309 4295 626 4373 xurnnpincertum
651 4300 836 4368 esttamen
862 4313 926 4360 non
953 4313 1026 4361 esse
1050 4295 1232 4361 tabulatum
1249 4297 1516 4379 superius,quod

243 4397 345 4466 dttiei
369 4405 489 4465 vocant
511 4402 668 4484 ὑπερῷον,
694 4401 857 4479 άνάιγεαιν,
882 4402 1031 4477 διστεγία,
1049 4404 1155 4482 διῆρες
1178 4404 1338 4481 δωμάτιον
1356 4407 1400 4485 (ν.
1414 4401 1517 4468 Frin-

244 4507 334 4574 sehei
357 4527 432 4574 ann.
457 4508 499 4572 ed
522 4509 554 4572 h.
577 4508 613 4591 l.)
639 4526 657 4571 e
680 4523 794 4590 praep.
819 4508 868 4573 ἐπί
896 4514 1044 4591 apparet:
1068 4527 1142 4574 narn
1175 4509 1203 4574 si
1228 4510 1382 4574 conclave
1417 4503 1514 4591 esset'
