3298 5368
872 376 1049 438 ..90.-

322 543 385 608 ἀπὸ
410 564 436 609 τ.
462 539 511 610 d.“
537 547 600 605 etc.
636 540 794 620 Videsne,
819 545 936 622 quanto
975 539 1056 606 haec
1091 542 1125 606 in
1159 560 1271 608 errore
1296 543 1487 610 versentur?
1510 542 1577 607 Nau

322 650 433 726 ἄπαγε,
458 657 495 714 ut
518 667 686 730 praesens,
711 667 776 714 non
800 667 894 714 unam
920 649 1117 734 singularem
1146 652 1308 718 actionem
1333 653 1506 736 significat,
1529 654 1576 720 sed

321 758 454 838 saepius
480 757 665 838 repetitam,
685 755 771 836 quod
795 757 835 820 ad
858 758 1022 825 notionem
1040 763 1146 825 status
1163 759 1314 840 perpetui
1332 762 1577 841 proxImeacce-

321 863 380 926 alltc
404 881 468 926 non
493 870 544 927 est
566 864 666 944 igItur
692 869 866 942 ,oraeun⁴‘,
883 865 941 928 sed
968 868 1143 944 ,onnoun“:
1167 871 1204 928 ut·
1224 865 1309 929 idem
1333 869 1404 934 lere
1430 869 1471 932 sit
1492 875 1577 952 atque

319 969 426 1049 ἄπεχε.
1049 985 1052 990 ’

366 1076 419 1156 ou
433 1084 451 1140 θ
464 1099 484 1141 α
497 1083 515 1141 λ
529 1079 579 1155 μό
592 1098 618 1156 ς;
645 1075 679 1144 V.
708 1081 788 1141 1032
816 1085 848 1142 et
870 1078 905 1140 P.
925 1081 987 1142 755
1004 1079 1057 1144 ἀπ’
1071 1079 1419 1160 ὀφθαλμῶν-ἀκτῖνες
1440 1083 1577 1162 ἔλαμπον.

366 1186 520 1261 σιπύη;
556 1184 595 1248 Ε.
622 1188 705 1249 1290
730 1186 866 1251 ἐξελθεῖν
890 1186 953 1250 ἀπὸ
977 1190 1033 1263 τῆς
1057 1186 1183 1264 σιπύης.

364 1292 531 1368 τεῖχος
555 1290 613 1354 Au.
642 1293 724 1354 1119
749 1290 893 1355 ἀπὸτοῦ
918 1291 1040 1370 τείχους
1056 1293 1209 1369 πάρεστιν
1233 1293 1378 1372 ἄγγελος.

364 1393 421 1458 Th.
446 1398 509 1458 495
535 1395 598 1460 ἀπὸ
622 1397 747 1476 τείχους
772 1398 889 1461 εἰσιών.
1154 1394 1156 1405 '

364 1504 419 1566 ὕσ
430 1519 482 1568 σα
495 1524 541 1567 κο
554 1521 581 1582 g:
607 1505 640 1568 L.
670 1506 750 1567 1001
771 1505 916 1583 άπήλαον
932 1509 995 1584 τὼς
1013 1506 1132 1584 ἄνδρας
1150 1507 1213 1571 ἀπὸ
1228 1513 1292 1572 τῶν
1309 1509 1465 1574 ὑσσάκων
1477 1509 1578 1592 (νοτία

322 1610 461 1676 Laconis
486 1613 588 1694 sunt).

362 1720 502 1797 χάλαζ
515 1739 545 1782 o:
569 1718 606 1782 R.
636 1721 698 1783 852
723 1720 786 1785 ἀπὸ
810 1723 875 1783 τῶν
898 1721 1188 1799 χαλαζῶν-ἄναγε
1215 1724 1367 1788 σεαυτόν.

362 1826 434 1891 Ηαα
458 1828 602 1908 pertinet
625 1828 720 1890 etiam

361 1935 397 1998 L.
425 1937 508 1999 1000
532 1940 687 2014 γυναῖκες,
713 1936 792 2018 ᾇπερ
817 1935 879 2000 ἀπὸ
904 1940 973 2014 μιᾶς
997 1936 1193 2014 ὑσπλαγίδος
1217 1937 1364 2015 ἀπήλααν
1390 1941 1453 2014 τὼς
1470 1938 1575 2014 ἄνδρας

318 2042 381 2105 άπὸ
415 2046 479 2106 τῶν
514 2043 669 2106 ὑσσάκων
694 2042 807 2124 (uerba
840 2041 980 2107 Laconis
1016 2042 1114 2125 sunt),
1153 2041 1245 2119 Quod
1271 2043 1471 2108 scholiastae
1494 2047 1573 2108 recte

319 2147 493 2228 explicant:
529 2149 794 2230 αλίἰ-άφέσεως.
828 2153 986 2228 βαλβῖδος,
1012 2148 1067 2213 alii
1107 2149 1274 2233 (Κλ-άπὸ
1311 2156 1382 2231 μιᾶς
1406 2151 1573 2232 άφετηρίας,

317 2255 419 2330 ἤγουν
444 2254 507 2318 ἀπὸ
531 2254 605 2330 ἑνὸς
629 2255 765 2332 κανόνος
789 2258 839 2319 καὶ
862 2259 1053 2332 καμπτῆρος.
1083 2253 1175 2332 Quae
1200 2255 1228 2320 si
1252 2256 1299 2320 ita
1322 2263 1410 2335 sunt,
1435 2255 1517 2322 haec
1539 2256 1573 2318 lo

318 2361 406 2424 cutio
434 2377 518 2439 ,uno
543 2363 723 2426 conseneu“
751 2359 920 2442 significat:
948 2380 1057 2442 „more
1088 2380 1210 2434 eorum,
1237 2364 1357 2444 qui‚ex
1380 2363 1455 2428 unis
1479 2378 1573 2427 erun-

317 2472 433 2550 pentes
459 2468 655 2543 carceribus,
681 2470 811 2550 aequali
835 2467 901 2532 iere
935 2487 1033 2535 cursu
1058 2470 1098 2533 ad
1121 2475 1240 2534 metam
1265 2472 1475 2536 contendunt
1516 2465 1574 2532 Nisi

317 2575 422 2640 malls:
436 2594 500 2639 uno
526 2593 700 2652 consensu,
713 2576 814 2640 veluti
839 2576 948 2653 boves,
963 2596 1047 2659 quae
1072 2579 1206 2662 [potius
1225 2578 1293 2662 qui]
1319 2596 1384 2643 uno
1409 2579 1573 2659 eodemque

316 2683 448 2748 stimulo
475 2684 660 2765 agitantur“
675 2681 827 2764 (Theav.
845 2682 923 2758 VIII,
948 2704 978 2766 p.
1005 2685 1091 2767 508).
1126 2684 1217 2748 Haec
1241 2683 1281 2748 H.
1307 2684 1464 2767 Stephani
1487 2682 1574 2764 expli·

316 2793 401 2855 catIo
426 2810 544 2856 vereor
567 2808 608 2855 ne
633 2791 675 2854 sit
697 2788 790 2857 falsa.
814 2789 920 2870 Certe,
946 2793 1069 2869 ὕσπληξ
1102 2798 1240 2855 estnon
1264 2791 1369 2858 solum
1397 2795 1511 2880 βαλβίς,
1528 2787 1573 2856 sed

316 2900 417 2963 etiam
443 2899 539 2978 μύωψ
562 2898 581 2961 ὁ
605 2899 767 2976 πλήσσων
788 2899 865 2976 τοὺς
890 2900 968 2978 βόας
992 2899 1177 2983 (Hesych.):
1193 2903 1302 2962 tamen
1319 2901 1347 2964 si
1364 2901 1468 2966 altero
1486 2913 1570 2964 seusu

314 3008 370 3071 Ar.
395 3007 550 3085 ὑσπλαγίς
587 3004 802 3088 intellegeret,
825 3007 935 3087 potius
970 3025 1044 3070 eum
1080 3007 1143 3070 ὑπὸ
1178 3028 1207 3084 μ.
1232 3007 1261 3070 ὑ.
1285 3007 1449 3073 dicturum
1485 3007 1571 3072 falsae

314 3122 404 3195 puto,
429 3121 466 3179 ut
489 3115 551 3179 ὑπὸ
575 3115 737 3193 μαστίγων
762 3115 915 3194 μάχεσθαι
940 3115 1013 3181 sim.
1038 3114 1203 3178 dicuntur.

358 3223 393 3302 b)
421 3219 583 3302 Ropioaia
608 3222 729 3286 nomini
753 3220 804 3285 his
829 3221 909 3286 locis
933 3222 1121 3286 adiunctum
1147 3219 1209 3284 ἀπό
1235 3222 1411 3301 reperitur.

358 3328 395 3394 L.
421 3332 485 3394 984
509 3330 626 3410 ἔμολον
650 3330 714 3394 άπὸ
738 3330 885 3407 Σπάρτας
910 3330 1024 3411 (verba
1047 3329 1187 3394 Laconis
1212 3329 1313 3412 sunt).
1343 3333 1427 3394 1072
1452 3329 1571 3408 καὶμὴν

313 3438 376 3502 ἀπὸ
410 3441 466 3516 τῆς
502 3439 649 3515 Σπάρτης
685 3437 746 3499 οἱδὶ
774 3437 1122 3515 πρέσβεις-χωροῦσι,
1152 3436 1430 3504 ubi'.Bachmanu.
1458 3440 1503 3520 (p.
1526 3432 1570 3510 43)

313 3544 372 3622 ἤδη
391 3543 419 3608 ’κ
443 3542 729 3625 {efflagitaverat
743 3543 885 3622 primum
910 3544 995 3623 quod
1013 3544 1147 3623 Ar.,ubi
1166 3562 1316 3608 sermone
1341 3546 1450 3610 Attico
1474 3548 1571 3608 utatur

312 3669 418 3732 neque
443 3651 611 3733 vulgarem
636 3667 821 3716 sermonem
847 3653 984 3716 excedat
1008 3650 1062 3734 (cl.
1086 3653 1146 3716 Au.
1161 3654 1225 3714 409
1244 3651 1321 3717 dim.
1338 3653 1436 3724 iamb.
1451 3654 1505 3718 Ec.
1518 3647 1570 3714 918

312 3760 398 3842 lya),
420 3758 609 3824 nominibus
634 3758 762 3822 urbium
788 3757 840 3822 uel
865 3758 1138 3833 terrarumunde
1163 3757 1240 3840 quid
1264 3760 1376 3824 uenire
1402 3762 1456 3828 vel
1478 3764 1570 3824 ortum

312 3885 387 3932 esse
426 3865 565 3940 dIcatur,
587 3883 701 3948 praep.
725 3866 759 3929 ἐκ
782 3866 918 3947 Iungere
954 3865 1067 3941 soleat
1093 3864 1209 3929 deiude
1234 3865 1319 3947 quod
1343 3868 1398 3930 Ar.
1425 3886 1495 3934 cum
1518 3862 1570 3926 alla

312 3981 475 4040 terrarum
515 3973 711 4054 urbiumque
751 3973 884 4038 nomina
922 3973 1018 4055 longe
1057 3972 1260 4061 plerumque,
1287 3980 1355 4038 tum
1396 3977 1568 4043 constanter

312 4078 462 4162 Spartam
484 4081 553 4146 sine
578 4079 719 4145 articulo
743 4086 853 4161 ponat;
879 4079 1019 4160 demque
1048 4080 1134 4158 quod
1157 4079 1364 4144 desideretur
1388 4076 1566 4164 significatio

312 4187 429 4254 celeris
454 4187 613 4253 aduentus
637 4186 913 4270 legatorumute
937 4207 966 4251 v.
994 4189 1077 4250 1009
1104 4191 1223 4266 pateat
1242 4189 1302 4266 ἤδη
1326 4187 1353 4252 ’κ
1376 4195 1486 4256 autem
1506 4186 1568 4268 post

310 4297 372 4374 μήν
394 4295 531 4376 procliui
558 4312 672 4360 errore
697 4294 846 4360 excidere
862 4294 1023 4376 potasse
1040 4294 1216 4358 articulum
1233 4295 1397 4362 addidisse
1413 4294 1566 4362 librarium

312 4404 410 4468 etiam
433 4403 467 4468 in
490 4401 526 4466 L.
553 4405 628 4467 999.
654 4400 688 4466 ln
713 4401 852 4466 articulo
890 4397 1063 4466 offendisse
1088 4401 1218 4468 uidetur
1241 4400 1419 4470 Elmsleins
1442 4417 1564 4486 quoque,

311 4528 405 4592 quem
432 4511 495 4578 ἀπό
519 4531 558 4598 γε
579 4513 635 4576 Σπ.
662 4509 845 4574 coniecisse
875 4506 923 4572 ait
945 4506 1147 4588 Blapdesius.
1178 4506 1242 4572 Sed
1266 4508 1493 4576 Bachmunnus
1516 4508 1564 4570 iam
