3328 5370
725 406 735 434 ''
786 438 963 498 -ιο-

278 608 316 672 V.
342 609 406 670 758
431 607 472 684 μη
496 627 555 670 νυν
579 605 622 670 ἔτ’
643 606 708 680 ἐγὼ
731 603 759 669 ’ν
780 607 867 668 τοῖσι
901 606 1065 680 δικασταῖς
1098 603 1273 666 κλέπτοντα
1293 601 1425 664 Κλέωνα
1445 599 1510 663 λά·

235 722 328 795 μοιμι,
350 716 374 780 1.
398 731 426 782 e.
450 713 539 780 inter
572 710 701 778 iudices
738 711 866 776 sedens.
903 712 988 772 1029
1021 710 1159 787 τιμηθείς
1183 709 1229 785 ιδς
1251 707 1358 784 οὐδεὶς
1379 702 1503 770 πώποτ’

232 827 269 891 ἐν
291 823 375 900 ὑμῖν.

278 929 315 996 Ρ,
339 931 404 992 496
428 927 559 990 κακόνοι
581 927 665 1002 τινὲς
687 925 723 988 ἐν
744 923 828 1004 ἡμῖν.

279 1037 337 1100 Αν.
363 1036 425 1099 941
451 1032 710 1111 νομάδεσσι-ἐν
732 1032 874 1109 Σκύθαις
892 1033 1015 1096 ἀλᾶται
1039 1033 1142 1112 (1343
1156 1033 1224 1094 τῶν
1244 1027 1281 1091 ἐν
1303 1025 1429 1105 ὄρνισιν
1450 1026 1507 1090 νό-

230 1163 315 1223 μιον,
338 1141 379 1206 tle
412 1155 479 1221 qno
511 1157 612 1205 versu
646 1137 746 1202 Mein.
769 1138 804 1202 in
835 1157 913 1202 ααιι.
937 1155 983 1201 ατ.
1013 1135 1268 1217 „Aristophanis
1299 1131 1508 1216 grammatici

236 1267 366 1314 versum
390 1264 464 1312 esse
488 1246 647 1312 adnotant
668 1244 841 1327 scholis⁸).

279 1353 315 1418 L
342 1355 406 1417 554
430 1353 466 1416 ἐν
487 1355 556 1430 τοῖς
578 1351 714 1428 Ἕλλησι
737 1353 913 1415 καλεῖσθαι.

224 1511 229 1518 .
280 1459 339 1524 Th.
362 1461 406 1524 90
429 1455 671 1536 ἐκκλησιάσοντ’
704 1459 740 1522 ἐν
772 1461 844 1534 ταῖς
866 1458 995 1533 sumti.
1022 1458 1083 1519 185
1108 1457 1358 1532 ἐγκαθεζόμενοι
1380 1455 1417 1518 ὲν
1437 1457 1519 1530 ταῖς·

235 1567 383 1644 γυναιξίν.
409 1567 472 1628 589
497 1566 533 1629 ἐν
555 1567 695 1640 γυναιῖιν
718 1564 775 1628 ὤν.

278 1671 317 1736 Β.
342 1673 408 1736 420
431 1673 615 1749 δημαγωγεῖ
636 1671 672 1736 ἐν
693 1673 763 1747 τοῖς
778 1669 848 1733 ἄνω
864 1673 1014 1748 νεκροῖσι
1030 1673 1095 1734 724
1110 1671 1290 1747 καλλίστοις
1310 1669 1507 1732 ἁπάντων-

236 1777 524 1858 νορισμάτιιιν-ἔν
554 1798 589 1840 τε
612 1780 694 1855 ,τοῖς
722 1776 856 1852 Ἕλλησι
890 1779 944 1840 καὶ
974 1780 1044 1854 τοῖς
1067 1777 1267 1855 βαρβάροισι.
1292 1777 1357 1838 760
1380 1777 1511 1851 πρᾶγμα

236 1887 317 1965 μέγα
338 1885 575 1960 κεκίνηται-ἑν
597 1887 667 1961 τοῖς
690 1884 844 1960 νεκροῖσι.

279 1988 340 2054 Ec.
365 1991 429 2054 846
454 1991 573 2068 Σμοῖος
597 1989 633 2052 ἐν
655 1987 853 2066 αὐταῖς-τὰ
875 1993 940 2054 τῶν
961 1995 1121 2064 γυναικῶν
1152 1989 1346 2065 διακαθαίρει
1367 1987 1509 2064 τρύβλια.

279 2097 329 2160 Pl.
356 2097 416 2160 161
441 2097 644 2174 τέχναι-καὶ
676 2096 865 2174 σοφίσματα
887 2097 923 2160 ἐν
943 2099 1049 2160 τοῖσιν
1080 2096 1298 2173 ἀνθρώποισίν
1321 2093 1390 2158 ἐσθ’
1411 2091 1511 2170 ηὑρη·

236 2207 327 2287 μένα,
351 2202 408 2266 ubi
431 2202 516 2268 male
539 2201 709 2276 λίσσομαι,
734 2202 839 2268 libros
874 2207 1018 2279 secutus,
1042 2203 1202 2280 εὑρημένα
1227 2202 1298 2266 sine
1332 2206 1519 2286 augmento·

235 2309 355 2378 edidit:
385 2328 416 2373 v.
452 2302 647 2374 Weckleinii
682 2307 761 2374 Gur.
793 2307 906 2389 Epigr.
930 2326 961 2388 p.
988 2311 1039 2375 33.
1079 2307 1308 2372 Meisterhsns.
1331 2325 1364 2387 ρ.
1390 2309 1510 2371 136.-

237 2422 300 2483 971
327 2416 549 2494 συκοφάντρια
568 2416 604 2480 ἐν
625 2420 697 2492 ταῖς
719 2417 858 2490 γυναιῖιν
879 2414 976 2491 ἦσθα.

280 2523 334 2588 Fr.
359 2525 435 2597 357,
461 2523 481 2582 2
506 2523 787 2601 βραδύτατος-ἐν
810 2522 992 2599 ἀνθρώποις
1016 2526 1158 2600 δραμεῖν.

277 2631 313 2715 b)
336 2631 376 2696 Α.
399 2632 465 2694 498
489 2630 524 2693 ἐν
549 2627 728 2705 Ἀθηναίοις
751 2628 862 2704 λέγειν.
889 2631 954 2692 630
966 2630 1298 2707 διαβαλλόμενος-ἐν
1320 2629 1511 2708 Ἀθηναίοις.

235 2741 302 2806 645
326 2737 426 2804 εἰπεῖν
449 2737 484 2800 ἐν
507 2734 695 2812 Ἀθηναίοις.

280 2842 318 2908 N.
343 2845 408 2908 892
431 2843 467 2906 ὲν
488 2845 558 2918 τοῖς
580 2843 731 2906 πολλοῖσι
754 2841 869 2916 λέγων.

280 2948 319 3012 V.
344 2951 431 3012 1185
454 2951 515 3026 μῦς
538 2949 589 3012 καὶ
610 2950 712 3025 γαλᾶς
735 2948 857 3025 μέλλεις
880 2949 981 3022 λέγειν
1005 2948 1039 3010 ἐν
1063 2947 1209 3025 ἀνδρεῖος

280 3055 339 3123 Th
362 3059 427 3122 471
452 3055 488 3120 ἐν
512 3055 678 3132 ἀλλήλαισι
700 3055 759 3134 χρὴ
784 3057 897 3118 δοῦναι
917 3055 1027 3130 λόγον.
1052 3056 1116 3117 526
1141 3055 1240 3118 είτιεῖν
1263 3056 1299 3118 ἐν
1321 3055 1405 3132 ἡμῖν.

279 3163 330 3229 ΡΙ.
357 3167 439 3228 1661
466 3163 588 3227 πλυνόν
610 3183 648 3239 με
670 3163 773 3225 ποιιῖιν
795 3162 832 3226 ἐν
852 3161 1024 3237 τοσούτοις
1048 3160 1213 3236 ἀνδράσιν.

282 3269 317 3352 ο)
341 3269 379 3334 Ε.
408 3273 471 3334 770
495 3271 702 3347 κατατμηθεὶς
725 3269 862 3347 ἑψοίμην
886 3269 921 3333 ἐν
942 3269 1205 3345 περικομματίοις,
1220 3265 1277 3332 ubi
1291 3275 1381 3332 recte
1409 3267 1516 3334 Selm-

238 3377 335 3441 tzius:
361 3377 396 3441 ἐν
421 3399 454 3440 π.
479 3393 544 3440 non
568 3393 643 3440 cum
670 3377 886 3454 κατατμηθείς,
911 3374 970 3438 sed
997 3392 1070 3438 eum
1096 3375 1231 3453 ἑψοίμην
1255 3377 1401 3458 proxime
1435 3394 1512 3444 σοι·

237 3482 450 3564 iungendum,
474 3482 730 3563 vertendumque
758 3479 941 3559 „dissectus
965 3481 1013 3562 (in
1037 3473 1159 3564 frusta)
1184 3499 1307 3564 coquas
1338 3482 1426 3546 inter
1447 3483 1514 3548 alis

237 3569 442 3656 mfinutalisffi
464 3593 548 3652 1013
572 3589 609 3654 ἐν
631 3588 818 3666 νεφέλαισιν
841 3584 936 3664 ἀετὸς
958 3588 1143 3667 γενήσομαι
1168 3589 1292 3654 Eadem
1314 3588 1449 3665 locutio,
1468 3604 1514 3655 'ex

236 3697 374 3764 oraculo
397 3692 655 3760 Atheniensibus
677 3691 754 3756 dato
793 3699 925 3774 sumpta
947 3693 991 3777 (v.
1016 3690 1122 3760 Schol.
1146 3695 1187 3759 ad
1210 3693 1241 3763 h.
1265 3696 1313 3778 1.)‚
1338 3696 1459 3779 legitur
1480 3697 1517 3762 is

237 3802 300 3868 Δν.
325 3805 388 3865 977
412 3804 446 3864 εί
470 3805 544 3865 987.

281 3907 320 3974 Ρ.
334 3908 397 3970 669
410 3903 430 3970 δ
443 3904 657 3983 νοῦς-ἡμῶν
669 3905 791 3983 ἦν-ἐν
804 3909 873 3984 τοῖς
884 3907 1043 3984 σκύτεσιν,
1055 3907 1150 3988 quod.
1165 3908 1194 3972 si
1202 3908 1244 3973 sd
1257 3909 1390 3972 verbum
1405 3913 1515 3974 verte·

238 4015 298 4091 ris,
321 4013 395 4078 erit:
421 4029 536 4093 „mens
560 4018 676 4076 nostra
690 4019 763 4076 erat
785 4012 818 4078 in
851 4013 986 4092 coriis“;
1009 4018 1111 4095 utque
1125 4016 1162 4079 ἐν
1183 4015 1316 4092 Ἕλλησι
1339 4013 1423 4080 idem
1445 4017 1518 4082 fere

229 4117 325 4214 1τοῖοί
348 4127 445 4202 atque
472 4120 526 4199 „in
550 4117 723 4198 (ἔτισαν,
746 4121 793 4186 its
817 4121 851 4186 ἐν
875 4125 944 4200 τοῖς
966 4137 1018 4186 σκ.
1041 4127 1094 4185 σεδ
1119 4122 1172 4203 „in
1203 4123 1368 4188 coriorum
1390 4126 1515 4200 term,

225 4234 276 4295 ,αῖ
298 4228 347 4292 its
371 4227 489 4295 dicam.
512 4224 652 4292 Sensum
677 4231 786 4294 autem
810 4229 875 4294 loci
898 4229 981 4296 bens
1004 4229 1146 4311 explieat
1169 4227 1282 4296 schola
1305 4230 1375 4294 ἀντὶ
1396 4234 1455 4296 τοθ
1477 4232 1515 4296 ἐν

238 4334 333 4416 φόβῳ
354 4336 411 4400 ταῖν
437 4334 593 4410 Κλέωνοςε
610 4351 685 4398 nam
710 4333 874 4400 coriarius
899 4334 1071 4402 1οίίθλεο.

282 4441 341 4506 Αν.
366 4443 431 4504 620
452 4441 490 4504 ἐν
511 4442 617 4506 ταῖσιν
640 4443 794 4521 κομάροις
817 4445 960 4520 καὶτοῖς
983 4445 1120 4520 κοτίνοις
1144 4444 1280 4522 στάντες
1295 4445 1401 4525 „inter
1416 4444 1515 4510 arbu-

238 4552 291 4610 tos
314 4552 348 4611 et
371 4546 565 4626 oleastros“‚
591 4565 731 4629 quocum
769 4547 915 4614 conferas
948 4547 1038 4615 locos
1075 4548 1260 4616 simillimos
1291 4551 1373 4618 Xen.
1399 4553 1459 4617 An.
1484 4558 1517 4626 4,
