3326 5372
778 481 906 543 „202
934 519 974 528 -

246 649 357 730 νεάητε
379 649 520 716 fortasse
545 655 681 733 propter
705 665 851 714 errorem
886 648 1085 731 typothetae:
1108 665 1169 714 neo
1194 649 1280 714 anim
1305 647 1403 712 ullam
1428 665 1515 713 men·

245 757 370 822 tionem
386 757 484 822 huius
499 757 550 820 rei
566 757 601 824 iu
616 775 690 821 ann.
710 773 754 820 er.
773 753 860 819 tacit.
886 758 949 819 170
965 758 1068 820 ποιεῖν
1083 755 1368 834 ἐκκλησίαν-ὲπερῖ
1392 756 1516 835 μισθοῦ.

290 864 349 932 Αν.
375 865 459 928 1030
484 863 635 942 ἐκκλησία
657 863 729 940 περὶ
752 861 934 938 Φαρνάκου.

199 1047 201 1050 ¹
291 968 348 1032 Th.
373 971 415 1033 83
439 969 509 1046 περί
532 967 863 1048 μσυ-ἐκκλησιάζειν,
889 969 952 1029 377
977 967 1174 1046 χρηματίζειν
1186 969 1313 1045 -περὶ
1336 965 1517 1044 Εὐριπίδου.
1641 1037 1642 1040 γ

291 1077 326 1155 3)
350 1073 519 1149 Similiter,
543 1073 599 1138 ubi
623 1091 663 1140 ex
685 1072 796 1137 uerbis
813 1071 973 1137 -νονιίονιιίί
1004 1078 1036 1138 at
1058 1072 1210 1138 mittendi
1232 1073 1284 1156 (ut
1307 1073 1519 1152 ἀφικνεῖσθαι,

247 1183 359 1260 ἐλθεῖν,
383 1182 480 1260 ἥκειν,
514 1180 711 1261 πρεσβεύειν,
735 1179 824 1262 ete),
849 1179 992 1262 itemque
1027 1199 1067 1245 ex
1101 1197 1180 1246 voce
1214 1181 1365 1260 πρέσβεις
1397 1179 1520 1261 pendet
1642 1245 1644 1260 A

246 1289 326 1366 περί,
351 1305 483 1369 semper
506 1287 547 1352 ad
570 1287 706 1352 verbnm
721 1286 859 1362 dicendi,
876 1286 962 1368 quod
979 1287 1151 1369 cogitatur,
1168 1287 1315 1370 pertinet
1331 1285 1405 1369 (nee
1430 1286 1518 1351 enim

246 1394 368 1462 dieitur
390 1394 456 1460 nisi
479 1394 512 1460 in
536 1394 587 1472 iis,
613 1394 667 1476 qui
701 1392 908 1475 colloquendi
943 1411 1044 1459 eausa
1079 1395 1120 1458 de
1156 1393 1272 1476 aliqua
1304 1411 1341 1458 re
1370 1393 1517 1468 veniunt

247 1508 284 1567 ut
307 1502 431 1586 legati).
455 1501 632 1583 Perparam
656 1502 757 1584 igitur
780 1501 877 1583 vulgo
900 1505 1026 1583 putant,
1061 1502 1132 1580 περί
1155 1501 1189 1566 in
1212 1500 1403 1566 huiuamodi
1427 1500 1519 1564 locu·

247 1607 391 1674 tionibus
414 1607 446 1673 vi
471 1609 595 1674 causali
620 1608 793 1674 eonsilium
818 1605 964 1673 indicare
987 1609 1135 1690 (Baohm.
1158 1627 1190 1690 p.
1210 1608 1278 1692 ll),
1296 1611 1333 1672 nt
1348 1623 1407 1688 pro
1424 1605 1521 1671 ἕνεκα

248 1715 385 1780 dicatur:
425 1715 537 1794 veluti,
577 1715 606 1780 si
645 1715 718 1797 quis
757 1715 798 1779 ad
832 1714 932 1778 alium
960 1713 1061 1795 venit,
1097 1719 1136 1780 ut
1170 1713 1201 1778 ei
1236 1711 1360 1796 aliquid
1394 1711 1518 1786 afferat,
1645 1727 1646 1732 ’

247 1821 498 1903 haudquaquam
520 1823 592 1900 περί
613 1824 670 1886 τοῦ
695 1822 834 1897 ἐνεγκεῖν
856 1841 884 1884 τι
907 1821 1018 1886 νοοῖτο
1043 1819 1108 1885 diei
1132 1823 1252 1902 potest,
1277 1820 1336 1886 sed
1353 1819 1447 1884 ἕνεκα
1463 1819 1523 1883 τοῦ

248 1930 387 2005 ἐνεγκεῖν
409 1948 446 2005 τι;
469 1928 551 1998 illud
574 1934 684 1996 autem
708 1927 790 1995 nihil
813 1927 904 1992 aliud
927 1926 1099 2010 significat,
1122 1928 1186 1993 nisi
1212 1927 1330 2009 „venit
1357 1933 1395 1991 ut
1418 1926 1520 1993 collo-

249 2041 367 2118 quatur
390 2035 429 2100 da
452 2035 563 2118 aliqua
585 2053 622 2100 re
646 2033 842 2101 afferenda“.
865 2034 992 2117 Itaque,
1016 2041 1053 2098 ut
1076 2035 1138 2100 hoo
1173 2039 1258 2112 utar,
1284 2035 1414 2114 ἀφῖκται
1448 2035 1520 2112 περὶ
1646 2093 1647 2106 ,

249 2144 401 2206 σπονδῶν
423 2142 567 2207 breviter
591 2141 712 2208 dieitur
735 2159 795 2223 pro
827 2142 956 2222 ἀφῖκται
990 2138 1083 2206 ἕνεκα
1116 2143 1172 2205 τοῦ
1207 2143 1325 2220 λόγους
1360 2142 1523 2205 ποιεῖσθαι

248 2249 325 2326 περί
347 2252 509 2313 σπονδῶν.

255 2389 257 2396 -
292 2351 332 2418 Ε.
358 2356 420 2416 669
444 2356 688 2434 ἀφῖκται-περῖ
710 2360 873 2435 σπονδῶν,
897 2355 936 2420 ola
960 2371 1024 2436 quo
1048 2353 1121 2418 loco
1145 2354 1219 2418 vide
1236 2371 1321 2435 quae
1337 2351 1518 2418 Baehman-

249 2477 310 2525 nus
334 2478 364 2540 p.
392 2463 428 2523 11
455 2460 644 2542 disputavit.
670 2464 730 2524 371
756 2464 824 2526 νυνῖ
849 2463 919 2538 περί
942 2464 1096 2524 σπονδῶν
1120 2460 1156 2541 (i.
1180 2475 1209 2526 e.
1235 2459 1389 2540 ἀφῖκται);

293 2565 329 2629 P.
356 2568 419 2628 216
445 2566 500 2649 (εἰ)
524 2567 844 2645 κᾶλθοιεν-εἰρήνης
867 2569 946 2645 πέρι.

297 2676 355 2736 Αν.
382 2676 467 2736 1532
491 2675 604 2752 ἥξουσι
627 2674 914 2753 πρέσβεις-περὶ
935 2677 1123 2749 διαλλαγῶν.
1152 2677 1235 2736 1577
1259 2675 1427 2758 ᾑρήμεσθα
1450 2673 1520 2751 περὶ

250 2783 427 2855 διαλλαγῶν
450 2782 609 2859 πρέσβεις.
646 2783 729 2844 1638
763 2781 1276 2862 πρεσβεύοντες-ἥκομεν-περί
1297 2785 1355 2845 τοῦ
1378 2784 1521 2861 πολέμου

252 2888 461 2964 καταλλαγῆς,
485 2886 525 2949 da
550 2904 613 2967 quo
637 2885 709 2952 loeo
736 2904 855 2968 operae
880 2888 1022 2969 pretinm
1062 2893 1114 2953 est
1136 2887 1248 2952 videre
1272 2905 1355 2968 quae
1378 2888 1522 2969 Rumpe·

249 2992 315 3059 tius
331 2992 491 3075 Philolog.
508 3013 538 3064 ν.
555 2991 697 3059 XXVIII
722 3013 753 3078 p.
769 2999 831 3060 607
853 3001 885 3062 et
900 2994 1128 3062 Baohmannus
1145 2994 1238 3061 Ooni.
1253 3013 1285 3076 p.
1303 2999 1343 3058 37
1360 2995 1520 3062 dixerunt.

254 3103 337 3164 1595
361 3100 484 3165 τούτων
510 3104 581 3180 περὶ
603 3103 733 3168 πάντων
760 3103 997 3183 αὐτοκράτορες
1020 3105 1150 3184 ἥκομεν.

294 3207 331 3272 L.
355 3210 393 3270 71
421 3207 703 3288 ἥκουσαν-περὶ
729 3209 877 3276 τοιούτου
913 3213 1107 3291 πράγματος.
1143 3218 1206 3280 984
1231 3213 1383 3299 (Laconis
1407 3207 1522 3290 verba)

252 3317 370 3394 ἔμολον
393 3316 457 3381 ἀπὸ
480 3319 630 3397 Σπάρτας
653 3321 723 3397 περὶ
747 3324 804 3384 τάν
828 3325 1010 3397 διαλλαγᾶν.
1037 3323 1120 3386 1009
1144 3325 1215 3402 περὶ
1230 3327 1408 3399 διαλλαγῶν
1425 3321 1521 3385 αὐτο·

251 3425 412 3502 κράτορας
432 3426 583 3504 πρέσβεις
607 3427 811 3506 ἀποπέμπειν.
839 3431 920 3491 1101
947 3430 1017 3506 περὶ
1041 3435 1212 3507 διαλλαγᾶν
1234 3431 1384 3510 πρέσβεις
1404 3428 1520 3512 (Laoo·

251 3530 303 3595 nis
328 3532 447 3615 verba).

249 3679 253 3688 -
296 3637 474 3704 Praeterea
496 3639 560 3703 huo
583 3637 751 3718 pertinent

295 3745 333 3810 N.
362 3748 445 3808 1004
469 3746 639 3824 ἑλκόμενος
661 3747 733 3823 περί
766 3747 962 3825 πραγματίου
1002 3765 1095 3830 „cum
1134 3749 1277 3815 traheris
1312 3749 1345 3814 in
1384 3748 1447 3827 ius,
1483 3747 1519 3809 ut

252 3851 352 3916 verba
374 3848 476 3915 facias
501 3851 540 3913 de
572 3863 607 3914 re
631 3850 728 3915 levi“.

297 3958 355 4023 Av.
382 3959 443 4018 113
470 3957 523 4020 σοὶ
545 3957 750 4031 ξυγγενέσθαι
775 3958 1102 4036 βουλομένω.-τίνος
1125 3961 1206 4038 πέρι;

296 4063 348 4126 ΙΙ.
364 4061 413 4126 Ea
435 4062 687 4143 praepositionis
710 4063 770 4146 via,
793 4063 834 4128 de
859 4083 922 4145 qua
955 4065 1093 4148 egimus,
1118 4066 1281 4132 interdum
1305 4065 1404 4157 latius
1427 4067 1517 4147 patet

254 4174 353 4251 atque
378 4169 452 4250 alqd
464 4172 611 4249 respectu
624 4170 762 4236 alieuius
786 4170 835 4235 rei
859 4171 923 4235 diei
948 4170 1120 4255 signifieat,
1133 4180 1169 4238 ut
1183 4175 1253 4253 περί
1265 4192 1292 4238 o.
1308 4191 1394 4255 gen,
1406 4172 1520 4254 quovis

141 4353 142 4356 Ἴ
253 4295 370 4359 genere
394 4277 567 4342 verborum
592 4278 739 4345 iunotum
763 4280 818 4362 (a),
840 4278 891 4342 vel
910 4280 1050 4344 articulo
1066 4281 1264 4346 instructum
1285 4280 1342 4363 (b),
1359 4279 1412 4345 vel
1429 4281 1521 4346 abso·

252 4383 321 4448 lute
346 4383 379 4449 in
402 4385 582 4450 sententiae
607 4386 716 4466 eapite
740 4385 884 4466 positum
908 4385 966 4468 (o),
1001 4385 1117 4450 Latine
1148 4386 1236 4450 verti
1269 4386 1376 4466 possit
1415 4381 1519 4468 „quod

253 4493 372 4556 attinet
396 4492 446 4568 ad,
472 4492 544 4568 ἀεί,
569 4493 706 4558 Rossice
733 4510 811 4572 „uro
835 4510 996 4557 nacaerou
1020 4512 1073 4573 uo,
1099 4494 1379 4558 ouaoonneuaao“.

298 4598 331 4681 a)
356 4597 390 4661 P.
418 4602 480 4664 768
504 4600 735 4668 ξυσπουδάζειν
757 4602 827 4677 περὶ
854 4604 913 4679 τῆς
936 4602 1033 4681 νίκης.
