3298 5368
649 471 847 534 -15‘1-

163 637 204 700 Α.
230 641 294 702 835
319 638 423 703 παίειν
446 633 499 718 ἐφ’
523 637 573 702 ἁλὶ
596 639 655 703 τὰν
679 641 811 717 μᾶδδαν,
836 638 876 704 de
899 656 964 720 quo
999 636 1192 704 Meinalreus
1228 635 1340 720 (Vind.
1366 655 1397 717 p.

112 743 191 829 15):
215 744 332 826 „Subit
355 745 497 811 animum
523 745 683 811 dubitatio
705 745 745 811 de
769 746 1018 829 praepositione
1049 747 1108 825 ἐπί,
1143 763 1240 827 quam
1275 743 1396 809 ferrem

110 851 144 915 si
176 851 228 918 δία
252 851 418 935 legeretur
442 854 503 919 άλα
527 855 577 918 ἐπὶ
599 859 635 936 τῇ
661 855 752 938 μάζῃ.
788 853 883 919 Maza
917 854 1011 920 eibos
1047 860 1108 937 est,
1143 854 1194 920 sal
1227 853 1397 919 obsonium
1438 889 1441 898 ι

108 979 185 1041 quo
210 977 302 1024 maza
327 960 490 1038 conditur,
515 961 601 1046 qood
625 961 723 1025 simui
746 977 819 1026 oum
845 977 936 1026 mana
970 965 1073 1030 estur.
1109 957 1155 1024 Ol.
1187 960 1261 1026 Pac.
1302 962 1397 1025 123...

110 1067 237 1152 Itaque
262 1068 326 1134 nisi
350 1069 424 1152 quis
448 1069 567 1135 dooere
592 1069 766 1151 sustineat,
790 1084 916 1133 mazam
941 1067 1068 1134 obsonii
1085 1067 1157 1134 loeo
1183 1068 1245 1134 sali
1281 1087 1399 1150 super·

109 1175 263 1241 additam
300 1175 412 1254 misse,
447 1193 512 1241 non
537 1175 664 1240 credam
690 1179 783 1240 recte
808 1175 931 1241 dietum
955 1191 1029 1241 esse
1064 1175 1150 1257 quod
1173 1175 1208 1240 in
1231 1173 1326 1242 libris
1351 1175 1398 1238 le·

109 1283 219 1364 gitur.
244 1282 376 1348 Corrieei
402 1281 504 1366 igitur
526 1283 628 1347 παίειν
652 1281 834 1361 ἐφαλίσταν
855 1287 965 1360 μάζαν,
990 1281 1011 1344 i.
1038 1299 1067 1346 e.
1091 1299 1219 1344 moroso
1234 1280 1307 1345 sale
1323 1297 1398 1344 eorr-

111 1389 235 1455 cleram.
260 1389 420 1457 Similiter
443 1391 581 1470 ἐφάλμια
605 1387 778 1473 [adaunot]
814 1392 964 1469 βρώματα
999 1388 1155 1454 dieantur
1193 1387 1257 1452 etot
1284 1386 1424 1454 ‘neuris¹

112 1495 276 1563 eonditi“.
313 1495 414 1561 Levia
445 1501 522 1562 sunt
544 1497 624 1561 haee
655 1501 810 1578 tantoque
834 1495 905 1560 viro
941 1494 1084 1577 indigna:
1118 1508 1203 1570 nam,
1240 1494 1397 1578 quidquid

15 1671 20 1690 ,
112 1613 275 1687 superest
295 1604 480 1668 litterarum
506 1602 715 1680 Graecarum,
740 1599 864 1670 frustra
887 1621 1029 1686 quaeras
1061 1602 1256 1670 vocabulum
1281 1603 1396 1683 ἐφάλι·

114 1719 450 1790 στοςεαοναααταω
476 1710 585 1788 verba,
610 1710 792 1792 dequibus
817 1710 898 1776 nihil
933 1711 1089 1778 traditum
1126 1716 1188 1792 est,
1224 1727 1292 1793 quo
1325 1712 1399 1776 iuro

114 1837 295 1900 possumus
320 1819 353 1883 in
377 1817 585 1884 coniecturas
610 1817 801 1884 admittere?
825 1818 937 1901 Neque
960 1818 1069 1900 pluris
1102 1823 1155 1883 est
1178 1817 1258 1885 illud
1294 1820 1399 1884 παίειν

115 1925 181 1991 ἅλα
205 1907 313 2009 ἐπίτῇ
340 1927 431 2010 μάζῃ.
456 1925 604 2008 Namque
627 1926 688 2005 ἐπί,
712 1931 752 1990 ut
785 1943 802 1990 a
836 1925 1012 2008 principali
1048 1923 1289 2006 significatione
1326 1925 1398 1990 eius

117 2033 253 2116 (‚‚apud,
278 2035 441 2116 praeter“‚
470 2033 745 2117 „npn‚enepxs“)
769 2038 875 2115 patet,
899 2034 970 2098 eius
996 2032 1061 2098 eibi
1085 2017 1325 2115 nomini'iungi
1341 2032 1397 2097 do·

118 2142 186 2220 but,
211 2141 267 2226 qui
292 2143 428 2207 minoris
453 2145 503 2207 est
523 2143 692 2217 momenti,
717 2147 754 2207 ut
777 2141 823 2207 ita
847 2141 964 2221 dicam,
986 2146 1024 2206 ut
1047 2142 1099 2207 ἐπί
1134 2159 1207 2207 oum
1234 2140 1395 2207 vocabulo

120 2267 179 2315 suo
204 2251 304 2315 etiam
330 2249 438 2315 omitti
463 2249 569 2332 possit
593 2247 664 2313 sine
687 2265 804 2331 magno
828 2245 1011 2314 sententiae
1035 2249 1164 2314 damno.
1189 2249 1305 2332 Itaque
1321 2249 1391 2314 παί-

120 2377 166 2422 ειν
189 2355 251 2422 ἅλα
275 2357 325 2422 ἐπὶ
348 2361 384 2439 τῇ
410 2357 489 2440 μάζῃ
514 2355 578 2421 diei
602 2373 667 2421 non
691 2359 807 2437 potest,
833 2355 909 2438 quia
932 2373 998 2421 noo
1032 2356 1082 2422 sal
1106 2372 1181 2421 eum
1206 2373 1306 2432 mana,
1333 2356 1390 2423 sed
1438 2357 1442 2366 '

120 2483 212 2528 mana
236 2483 309 2529 eum
333 2462 401 2530 sale
426 2469 528 2530 estur.
555 2463 679 2543 Quodsi
703 2463 778 2532 aliis
800 2465 883 2531 loeis
906 2466 957 2530 ἐπί
978 2465 1104 2531 nomini
1130 2465 1204 2545 eibi,
1227 2465 1319 2530 velot
1340 2482 1396 2547 pa·

122 2571 184 2648 nis,
209 2571 366 2654 iungitur,
392 2589 532 2653 quocum
556 2570 691 2656 aliquid,
716 2571 807 2638 velut
830 2571 940 2653 piscis,
967 2587 1027 2653 pro
1061 2570 1198 2636 obsonio
1235 2575 1336 2648 estur,
1362 2570 1396 2636 in

124 2695 222 2743 eausa
248 2682 309 2755 est,
335 2679 423 2760 quod
446 2677 560 2760 piscis,
583 2682 621 2742 nt
644 2695 727 2758 pane
751 2675 891 2760 dulcior,
912 2677 1047 2744 maioris
1071 2677 1228 2743 momenti
1245 2691 1320 2744 esse
1338 2695 1396 2760 pu-

121 2789 220 2849 tatur.
246 2779 403 2849 Ceterum
427 2802 513 2850 nous
536 2783 631 2850 locus
655 2783 737 2848 mihi
761 2785 796 2848 in
823 2790 976 2868 promptu
1000 2791 1061 2864 ast,
1097 2784 1152 2850 ubi
1181 2784 1396 2867 praepositio,

122 2895 155 2956 ut
179 2891 211 2956 in
237 2898 351 2956 nostro
375 2891 459 2976 loeo,
485 2889 514 2958 ei
538 2891 586 2956 rei
602 2891 714 2957 iuncte
731 2895 792 2970 est,
814 2911 896 2974 quae
918 2910 979 2974 pro
993 2889 1288 2958 obsoniohabetur:
1303 2889 1396 2957 Anti-

121 2999 213 3080 phan.
239 2997 299 3077 lIl,
322 3020 353 3083 p.
374 3001 425 3078 12,
441 3017 471 3065 v.
498 3003 534 3064 ll
561 2999 698 3078 τρίγλας,
723 2997 842 3079 ἔδεσμα
853 3001 911 3064 τοῦ
929 3001 1026 3065 καλοῦ
1051 3001 1296 3078 Καλλισθένους·
1320 3018 1392 3064 κατ·

121 3108 215 3171 εσθίει
248 3109 327 3184 γοῦν
355 3107 406 3171 ἐπὶ
428 3109 481 3190 μιᾷ
503 3107 562 3184 τὴν
585 3103 701 3171 οὐσίαν
736 3105 806 3189 (ubi
830 3105 929 3171 verbo
952 3106 1059 3186 τρίγλη
1084 3105 1124 3170 ad
1144 3105 1389 3171 meretriculam

121 3212 229 3290 alludi,
255 3214 308 3279 oui
330 3209 442 3296 Trigla
465 3211 516 3278 rel
540 3209 664 3295 Triglis‘
684 3228 804 3279 nonren
826 3212 935 3290 fuerit,
972 3217 1107 3279 annotat
1142 3211 1390 3295 Schweighaeu-

121 3318 237 3401 seros):
262 3339 336 3384 nam
355 3318 471 3402 procul
494 3315 591 3384 dnbio
616 3317 713 3384 οὐσία
736 3336 795 3401 pro
820 3319 893 3402 ipso
918 3317 1003 3396 elbo,
1025 3319 1150 3398 spirtu·
1166 3335 1227 3401 pro
1253 3318 1389 3384 obsonio

119 3425 267 3495 habetur.
293 3426 341 3493 Ol.
365 3428 463 3492 etiam
491 3426 529 3492 E.
552 3429 625 3495 707.
642 3429 743 3494 Recte
760 3424 862 3509 igitur
877 3425 977 3492 habet
994 3427 1086 3492 loeus
1103 3429 1215 3492 noster
1232 3431 1389 3508 reeteque

120 3554 137 3598 a
157 3535 336 3602 scholiasta
360 3533 553 3617 explicatur:
578 3535 695 3600 ἐσθίειν
718 3537 881 3614 μετὰτῶν
903 3535 1069 3601 άλιίιντόν
1093 3533 1314 3613 darom—967
1340 3534 1390 3598 ἐπὶ

121 3643 234 3724 ταρίχει
256 3645 334 3722 τοὺς
356 3643 483 3723 λόφους
506 3643 711 3722 κραδαινέτω,
737 3643 792 3708 ubi
818 3646 908 3721 κραδ.
939 3645 1072 3724 μιαρίαν
1107 3641 1388 3722 exspectationem

119 3747 238 3815 dietum
265 3756 316 3814 est
340 3767 399 3832 pro
423 3751 564 3830 φαγέτω.
589 3749 680 3816 Libri
703 3752 826 3831 ταρίχη;
852 3749 997 3815 correxit
1021 3747 1196 3816 Reiskaus.

161 3856 199 3921 Ε.
224 3859 287 3921 707
313 3858 362 3922 ἐπὶ
384 3862 429 3940 τῷ
453 3857 571 3936 φάγοις
594 3851 696 3935 ἥδιστ’
720 3855 770 3934 dm
795 3856 844 3922 ἐπὶ
878 3855 1065 3940 βαλλαντίῳ;
1099 3854 1155 3920 ubi
1185 3853 1297 3920 schol:
1322 3853 1391 3919 ἀντὶ

118 3965 172 4028 τοῦ
197 3963 296 4029 εἰπεῖν
319 3960 368 4029 ἐπ’
392 3963 495 4042 ἰχθύσι
518 3965 636 4043 φάγοις
660 3963 707 4040 ἄν,
724 3963 799 4029 olor
821 3965 897 4043 perd
921 3963 1050 4044 ἰχθύων.
1073 3963 1093 4041 ἢ
1119 3961 1187 4026 ἀντί
1209 3965 1267 4026 τοῦ
1292 3959 1390 4028 εἰπεῖν

119 4074 165 4139 ἐπὶ
187 4075 351 4159 τραπεζίῳ,
376 4079 495 4154 πικρῶς
519 4072 605 4139 εἶπεν
629 4075 678 4139 ἐπὶ
703 4073 890 4155 βαλλαντίῳ,
913 4071 966 4137 ίνα
1001 4071 1136 4154 διαβάλῃ
1172 4073 1219 4148 ὼς
1253 4072 1390 4151 κλέπτην

120 4183 166 4245 καί
189 4186 254 4246 τῶν
277 4179 441 4259 δημοσίων
465 4179 601 4258 δίρπαγα.
628 4179 772 4259 Quarum
797 4179 1105 4262 interpretationum
1144 4177 1200 4242 illa
1224 4176 1302 4242 mihi
1327 4177 1386 4242 λου

119 4289 218 4354 molto
243 4285 453 4354 verisimilior
476 4288 616 4359 videtur.
642 4289 757 4354 Mensa
782 4289 868 4354 enim
902 4307 985 4371 quoa
1022 4287 1077 4366 sit,
1114 4285 1153 4350 ad
1192 4286 1387 4352 suavitatem

119 4398 179 4462 eibi
204 4397 284 4462 nihil
308 4397 375 4462 lore
401 4399 547 4475 interest,
571 4397 741 4462 obsonium
766 4415 844 4462 voro
870 4397 981 4478 manni
1014 4394 1169 4460 monnonti
1207 4399 1266 4458 ost..
1293 4393 1388 4460 Hune

9 4491 10 4494 ¹
118 4525 243 4570 vorsum
274 4505 419 4570 llorlrius
444 4507 475 4571 io
501 4503 633 4570 rlrrbium
659 4503 795 4582 vocavit,
821 4523 893 4570 eum
918 4505 1053 4578 diceret,
1070 4507 1234 4585 διαβιῶναι
1250 4505 1299 4568 ἐπί
1316 4523 1389 4580 γογ-

118 4615 217 4690 γυλίσι
241 4615 342 4678 πάντα
367 4616 424 4678 τὸν
449 4615 517 4694 βίον
542 4619 634 4678 mere
658 4611 723 4677 dici
748 4629 855 4694 posse,
891 4615 1008 4678 ἐσθίειν
1043 4614 1093 4679 ἐπὶ
1127 4613 1291 4692 γογγυλίσι
1325 4629 1388 4676 non
