3328 5370
858 454 1036 516 ...43-

312 684 316 692 .
348 621 537 701 ιιοχώναε
561 619 600 686 E.
625 621 699 695 424
716 619 1002 699 ἀποκρυπτόμενος
1035 619 1081 698 εἰς
1114 622 1160 686 τὼ
1181 642 1209 684 κ
1233 624 1301 686 464
1317 619 1514 701 ,ἀπεκρύψω
1540 615 1590 694 εἰς

301 729 347 800 τνί
370 749 398 792 κ.
422 729 460 798 τό
484 728 590 807 κρέας.
1132 767 1135 774 ·

345 835 531 914 ainana:
555 833 593 904 Ρ.
619 835 681 898 741
707 833 851 913 ὑστριχὶς
885 835 1050 914 εἰσέβαλέν
1084 850 1139 900 σοι
1167 834 1213 913 εἰς
1235 836 1294 914 τὰς
1314 855 1348 900 π.
1374 834 1529 917 „hystrix
1553 830 1590 896 in

299 937 406 1004 latera
427 944 485 1004 ina
508 933 652 1005 invasio
677 940 788 1021 (quasi
808 938 843 1006 in
865 937 1013 1007 hostium
1038 940 1186 1022 ternam).

344 1046 568 1125 πρωκτός
594 1045 636 1111 V.
660 1050 724 1112 431
752 1046 797 1124 εἰς
820 1049 879 1114 τόν
900 1049 1050 1125 πρωκτόν
1074 1046 1183 1114 αὐτῶν
1205 1049 1403 1114 εἰσπέτεσθε.

225 1190 227 1198 ν
343 1156 485 1231 ρῑνες;
513 1163 570 1222 Αν.
598 1157 678 1220 1081
704 1154 830 1232 εἰςτὰς
855 1154 883 1234 ό.
908 1155 994 1234 ἐγχεῖ
1014 1155 1053 1219 τὰ
1075 1156 1188 1234 πτερά.

344 1259 382 1324 R.
408 1261 473 1325 620
497 1259 622 1338 εἰςτὰς
647 1260 676 1340 p.
701 1261 778 1339 ὄξος
802 1262 932 1341 ἐγχέων.
1194 1329 1197 1336 ,

342 1370 497 1445 στόμα
523 1365 563 1430 Ε.
588 1369 651 1432 377
677 1367 872 1447 ἐμβαλόντες
895 1367 983 1452 αὐτῷ
1005 1367 1258 1446 πάτταλον-εἰς
1280 1371 1318 1434 τὸ
1342 1383 1377 1434 o.

342 1472 381 1543 R.
410 1475 494 1540 1074
517 1475 832 1553 προσπαρδεῖν-εἰς
854 1475 892 1538 τό
915 1490 948 1540 o.
972 1479 1017 1557 τῷ
1041 1475 1209 1552 θαλάμακι.

341 1581 410 1662 χεί
422 1578 513 1659 p:·N.
540 1583 603 1649 606
625 1582 672 1660 εἰς
694 1584 740 1648 τὼ
763 1579 953 1663 χεῖρε-δός
977 1601 1029 1660 μοι
1052 1584 1267 1660 μελιτοῦτταν.

340 1695 376 1765 Ρ.
403 1700 466 1760 317
490 1695 626 1774 ἢν-εἰς
650 1700 759 1777 χεῖρας
784 1696 871 1779 ἔλθῃ.
1631 1663 1633 1750 ό

342 1804 400 1872 Αν,
427 1805 491 1868 ola
514 1801 684 1882 όταν--εἰς
706 1805 765 1881 τὴν
788 1821 816 1882 χ.
842 1804 881 1867 τὰ
904 1804 1069 1882 σπλάγχνα
1092 1807 1182 1887 διδῷ.
1215 1806 1300 1870 1112
1322 1803 1506 1882 ἱερακίσκον
1529 1801 1579 1880 εἰς

296 1911 354 1988 τὰς
381 1910 618 1991 χ.-διιίσομεν.

343 2015 404 2086 Th.
430 2019 494 2080 912
519 2017 622 2082 ἐλθὼν
646 2020 709 2095 σῆς
733 2016 894 2096 δάμαρτος
918 2016 962 2094 εἰς
977 2016 1085 2095 χέρας
1101 2017 1149 2082 ita
1164 2035 1204 2080 ex
1220 2015 1382 2099 Euripide
1397 2017 1578 2084 emendata

301 2129 353 2189 est
375 2123 534 2188 librorum
559 2123 660 2188 lectio
685 2124 837 2203 ἐσχάρας,
862 2141 959 2205 quam
982 2128 1093 2188 tamen
1116 2123 1325 2203 Fniizsoheas
1340 2125 1468 2206 pronae

336 2231 362 2312 f)
386 2230 565 2294 Animaati
587 2231 799 2296 coniunctum
823 2231 867 2309 εἰς
889 2231 988 2296 locali
1010 2248 1112 2296 sensu
1135 2231 1239 2298 semei
1267 2231 1354 2314 apad
1373 2233 1430 2298 Ar.
1455 2230 1531 2314 legi:

340 2335 378 2400 N.
404 2341 468 2403 566
494 2335 647 2416 δ-ἥλιος
670 2339 729 2416 τὴν
753 2338 912 2416 θρυαλλίδ’
935 2338 979 2416 εἰς
1003 2338 1119 2404 ἑαυτὸν
1143 2338 1265 2417 εὐθέως
1289 2338 1504 2416 συνελκύσας.

340 2443 374 2525 g)
394 2443 567 2509 Postremo
602 2444 675 2509 loco
710 2445 887 2510 afferamus
910 2463 949 2509 ea
972 2445 1129 2527 exempla.
1155 2445 1213 2510 ubi
1236 2445 1281 2524 εἰς
1303 2445 1502 2517 adiunctam¹
1517 2447 1571 2509 cst

297 2549 411 2615 παρόντ’
433 2551 547 2634 ρατιονε·
568 2551 710 2629 anticuli,
734 2550 899 2630 adieciivi‚
923 2552 1137 2633 pronominis,
1158 2556 1196 2615 ui
1210 2552 1333 2617 nullum
1350 2556 1477 2618 certum
1494 2550 1571 2618 ιιιιδ·

297 2662 475 2724 stantivnm
500 2658 664 2724 audiatur.

340 2765 523 2833 ταύτόν.
546 2767 607 2832 Av.
631 2767 696 2829 400
721 2762 813 2843 ἄναγ’
838 2766 991 2844 εἰςτάξιν
1011 2769 1108 2834 πάλιν
1130 2768 1174 2846 εἰς
1197 2768 1324 2834 ταύτόν.

339 2874 375 2940 L.
401 2876 489 2939 1240
513 2873 776 2952 ἔρχονταιπάλιν
800 2873 843 2952 εἰς
866 2873 995 2940 ταύτόν.

339 2979 609 3060 τοῦμπαλινε
634 2978 691 3043 Th.
720 2979 805 3044 1224
839 2979 880 3044 οὐ
913 2981 1008 3048 πάλιν
1029 2984 1100 3063 τῃδὶ
1117 2982 1231 3058 διώξει;
1257 2979 1284 3059 ’ς
1306 2980 1480 3061 τοῦμπαλιν
1501 2978 1571 3058 τρέ·

295 3109 360 3170 χεις
383 3087 426 3153 σύ
449 3108 495 3164 γε,
519 3085 576 3150 ubi
590 3085 800 3168 praepositio
816 3087 1001 3156 rectissime
1017 3107 1038 3152 a
1053 3087 1214 3155 Gobeioe
1230 3087 1381 3155 codicum
1404 3087 1565 3170 scriptura

295 3198 417 3273 διώξεις
439 3193 552 3272 τοῦμπ.
577 3198 672 3258 eruta
696 3197 759 3263 est.

339 3301 396 3366 ἕνι
419 3299 458 3367 E.
482 3302 547 3366 854
569 3303 665 3366 τοῦτο
689 3301 735 3380 εἰς
759 3301 793 3366 ἕν
816 3302 883 3366 ἐστι
906 3301 1121 3381 συγκεκυφός,
1147 3301 1234 3384 quod
1254 3301 1358 3366 schol.
1372 3299 1566 3381 ὁμονοοῦσιν

295 3409 423 3486 ἑαυτοῖς
446 3410 497 3473 καὶ
520 3409 741 3487 συμπνέουσιν
764 3409 847 3473 bene
870 3407 1121 3490 interpretatur.

339 3513 375 3582 L.
400 3516 464 3577 686
489 3514 714 3591 συναθροίζειν
738 3513 783 3590 εἰς
806 3513 852 3579 ἕν.

338 3619 377 3684 R.
404 3622 487 3684 1262
524 3620 568 3698 εις
603 3621 723 3686 ἓν-τὰ
759 3619 835 3698 μέλη
873 3625 1021 3700 ξυντεμῶ,
1046 3621 1133 3703 quod
1166 3619 1317 3688 Kockius
1343 3621 1508 3701 „carmina
1528 3618 1559 3683 in

297 3733 468 3795 centonem
494 3727 684 3794 concidam“
712 3727 824 3792 vertit.

336 3834 396 3900 Ec.
422 3838 486 3900 614
510 3833 688 3915 συρρήξασ
710 3834 755 3913 εἰς
778 3836 814 3900 ἓν
837 3833 961 3901 ἅπαντα
987 3836 1116 3916 „omnia
1130 3835 1164 3900 in
1181 3852 1282 3901 unum
1298 3833 1561 3902 committendo‘.

338 3944 487 4010 anion:
513 3942 551 4009 R.
579 3945 663 4007 1296
689 3941 733 4020 εἰς
756 3943 794 4005 τὸ
818 3942 917 4006 καλὸν
940 3941 975 4006 ἐκ
994 3945 1052 4005 τοῦ
1074 3945 1173 4008 καλοῦ
1197 3942 1333 4021 ἤνεγκον
1356 3940 1448 4007 αὐτά.

337 4052 493 4128 μέσον
518 4047 576 4116 Eo.
603 4050 665 4112 602
684 4043 769 4112 τοῦτ’
788 4048 832 4126 εἰς
845 4050 882 4113 τὸ
899 4069 929 4126 μ
943 4048 1115 4125 καταθήσει
1133 4047 1375 4130 „incommune
1392 4047 1560 4129 capaneo,

337 4157 414 4223 τοῦ
428 4162 608 4224 πισθενι
631 4155 680 4226 ΡΙ,
708 4156 791 4220 1209
817 4155 996 4235 ἀναχωρεῖν
1019 4153 1064 4233 εἰς
1084 4154 1266 4220 τοῦπισθεν.

336 4265 384 4329 τὸ
418 4264 640 4340 πρόσθεν
662 4262 701 4326 A.
725 4267 767 4327 43
791 4257 894 4340 πάριτ’
920 4260 964 4339 εἰς
987 4263 1024 4324 τὸ
1048 4284 1080 4325 π.
1105 4264 1168 4327 242
1190 4257 1293 4339 πρόιθ’
1319 4261 1363 4339 εἰς
1386 4263 1423 4328 τὸ
1446 4284 1478 4326 π.
1503 4259 1561 4326 ὀλί-

292 4394 352 4450 γον
374 4370 393 4446 ἡ
419 4371 616 4450 κανηφόρος,
641 4370 719 4457 „ubi
744 4369 837 4434 codd.
856 4368 1020 4450 praebent
1041 4367 1145 4447 πρόιθ’
1171 4369 1216 4446 ὼς
1238 4368 1276 4434 τό
1299 4370 1453 4447 πρόσθεν,
1479 4362 1560 4450 qnod

296 4496 496 4561 quamquam
521 4477 610 4543 omni
635 4495 736 4542 sensu
771 4480 863 4541 caret
884 4475 1105 4556 (nequeenim
1130 4476 1170 4540 de
1193 4482 1343 4557 tempore
1364 4476 1471 4557 accipi
1494 4477 1559 4556 pot·

293 4592 354 4651 est:
390 4584 430 4653 cf.
466 4582 613 4652 ἐξόπισθε
647 4587 705 4661 τῆς
744 4582 1095 4665 κανηφόρου-περιτο
1128 4582 1167 4647 de
1209 4583 1280 4648 loco
1310 4583 1366 4662 ita,
1392 4587 1428 4646 ut
1451 4584 1497 4661 ὡς
1520 4580 1560 4646 sit
