<?xml version="1.0" encoding="UTF-8"?>
<!DOCTYPE html PUBLIC "-//W3C//DTD XHTML 1.0 Transitional//EN"
    "http://www.w3.org/TR/xhtml1/DTD/xhtml1-transitional.dtd">
<html xmlns="http://www.w3.org/1999/xhtml" xml:lang="en" lang="en">
 <head>
  <title>
</title>
<meta http-equiv="Content-Type" content="text/html;charset=utf-8" />
  <meta name='ocr-system' content='tesseract 3.04.00' />
  <meta name='ocr-capabilities' content='ocr_page ocr_carea ocr_par ocr_line ocrx_word'/>
</head>
<body>
  <div class='ocr_page' id='page_1' title='image "./depraepositionu00sobogoog_0109.png"; bbox 0 0 3298 5368; ppageno 0'>
   <div class='ocr_carea' id='block_1_1' title="bbox 887 474 1060 533">
    <p class='ocr_par' dir='ltr' id='par_1_1' title="bbox 887 474 1060 533">
     <span class='ocr_line' id='line_1_1' title="bbox 887 474 1060 533; baseline -0.012 -17"><span class='ocrx_word' id='word_1_1' title='bbox 887 474 1060 533; x_wconf 41' lang='lat'><strong><em>„⁴93-</em></strong></span> 
     </span>
    </p>
   </div>
   <div class='ocr_carea' id='block_1_2' title="bbox 316 627 1618 2436">
    <p class='ocr_par' dir='ltr' id='par_1_2' title="bbox 320 627 1581 826">
     <span class='ocr_line' id='line_1_2' title="bbox 320 627 1581 726; baseline -0.007 -18"><span class='ocrx_word' id='word_1_2' title='bbox 320 645 444 726; x_wconf 82' lang='lat' dir='ltr'>posset3</span> <span class='ocrx_word' id='word_1_3' title='bbox 469 643 508 706; x_wconf 85' lang='lat' dir='ltr'>ei.</span> <span class='ocrx_word' id='word_1_4' title='bbox 532 640 650 708; x_wconf 83' lang='lat' dir='ltr'>Aeseh.</span> <span class='ocrx_word' id='word_1_5' title='bbox 675 639 765 721; x_wconf 85' lang='lat' dir='ltr'><strong>Sept.</strong></span> <span class='ocrx_word' id='word_1_6' title='bbox 793 643 941 707; x_wconf 84' lang='grc'><strong>1031-2</strong></span> <span class='ocrx_word' id='word_1_7' title='bbox 967 639 1318 717; x_wconf 82' lang='grc' dir='ltr'>σπλάγχνον-μητρὸς</span> <span class='ocrx_word' id='word_1_8' title='bbox 1334 627 1483 718; x_wconf 85' lang='grc' dir='ltr'>ταλαίνης</span> <span class='ocrx_word' id='word_1_9' title='bbox 1511 638 1581 702; x_wconf 86' lang='grc' dir='ltr'>κάπὸ</span> 
     </span>
     <span class='ocr_line' id='line_1_3' title="bbox 321 735 1070 826; baseline -0.003 -15"><span class='ocrx_word' id='word_1_10' title='bbox 321 751 483 826; x_wconf 80' lang='grc' dir='ltr'>δυστήνου</span> <span class='ocrx_word' id='word_1_11' title='bbox 506 749 640 826; x_wconf 88' lang='grc' dir='ltr'>πατρός.</span> <span class='ocrx_word' id='word_1_12' title='bbox 1067 735 1070 743; x_wconf 72' lang='grc'><strong>’</strong></span> 
     </span>
    </p>

    <p class='ocr_par' dir='ltr' id='par_1_3' title="bbox 319 852 1582 1151">
     <span class='ocr_line' id='line_1_4' title="bbox 363 852 1582 938; baseline -0.007 -16"><span class='ocrx_word' id='word_1_13' title='bbox 363 857 399 936; x_wconf 91' lang='grc'><strong>1))</strong></span> <span class='ocrx_word' id='word_1_14' title='bbox 422 856 479 922; x_wconf 89' lang='lat' dir='ltr'>Th.</span> <span class='ocrx_word' id='word_1_15' title='bbox 507 858 591 920; x_wconf 84' lang='grc'><strong>1039</strong></span> <span class='ocrx_word' id='word_1_16' title='bbox 616 855 731 938; x_wconf 78' lang='lat' dir='ltr'>(aaut.)</span> <span class='ocrx_word' id='word_1_17' title='bbox 757 853 930 937; x_wconf 86' lang='grc' dir='ltr'>(πέπονθα)</span> <span class='ocrx_word' id='word_1_18' title='bbox 954 854 1236 928; x_wconf 76' lang='grc' dir='ltr'>ἀπὸ-συγγόνων</span> <span class='ocrx_word' id='word_1_19' title='bbox 1259 852 1327 916; x_wconf 83' lang='grc' dir='ltr'>ἀλλ’</span> <span class='ocrx_word' id='word_1_20' title='bbox 1350 853 1390 918; x_wconf 84' lang='grc' dir='ltr'>ἂν</span> <span class='ocrx_word' id='word_1_21' title='bbox 1408 853 1512 932; x_wconf 86' lang='grc' dir='ltr'>ἄνομα</span> <span class='ocrx_word' id='word_1_22' title='bbox 1534 853 1582 914; x_wconf 93' lang='grc' dir='ltr'>πά-</span> 
     </span>
     <span class='ocr_line' id='line_1_5' title="bbox 319 958 1582 1045; baseline -0.005 -17"><span class='ocrx_word' id='word_1_23' title='bbox 319 969 390 1042; x_wconf 87' lang='grc' dir='ltr'>θεα,</span> <span class='ocrx_word' id='word_1_24' title='bbox 414 962 471 1045; x_wconf 87' lang='lat' dir='ltr'>qni</span> <span class='ocrx_word' id='word_1_25' title='bbox 493 981 619 1039; x_wconf 82' lang='lat' dir='ltr'>versus,</span> <span class='ocrx_word' id='word_1_26' title='bbox 646 963 675 1027; x_wconf 84' lang='lat' dir='ltr'>si</span> <span class='ocrx_word' id='word_1_27' title='bbox 700 962 911 1041; x_wconf 84' lang='lat' dir='ltr'>incorruptus</span> <span class='ocrx_word' id='word_1_28' title='bbox 935 966 997 1043; x_wconf 74' lang='lat' dir='ltr'>est,</span> <span class='ocrx_word' id='word_1_29' title='bbox 1020 959 1083 1024; x_wconf 86' lang='lat' dir='ltr'>hoc</span> <span class='ocrx_word' id='word_1_30' title='bbox 1106 977 1225 1024; x_wconf 84' lang='lat' dir='ltr'>souare</span> <span class='ocrx_word' id='word_1_31' title='bbox 1251 959 1357 1024; x_wconf 87' lang='lat' dir='ltr'>debet:</span> <span class='ocrx_word' id='word_1_32' title='bbox 1381 979 1423 1040; x_wconf 79' lang='lat' dir='ltr'>„a</span> <span class='ocrx_word' id='word_1_33' title='bbox 1447 958 1582 1042; x_wconf 84' lang='lat' dir='ltr'>cognatis</span> 
     </span>
     <span class='ocr_line' id='line_1_6' title="bbox 322 1067 942 1151; baseline -0.006 -17"><span class='ocrx_word' id='word_1_34' title='bbox 322 1069 387 1134; x_wconf 91' lang='lat' dir='ltr'>alia</span> <span class='ocrx_word' id='word_1_35' title='bbox 412 1070 533 1135; x_wconf 87' lang='lat' dir='ltr'>iniusta</span> <span class='ocrx_word' id='word_1_36' title='bbox 557 1068 645 1133; x_wconf 89' lang='lat' dir='ltr'>mala</span> <span class='ocrx_word' id='word_1_37' title='bbox 668 1068 801 1151; x_wconf 85' lang='lat' dir='ltr'>(passus</span> <span class='ocrx_word' id='word_1_38' title='bbox 824 1067 942 1150; x_wconf 84' lang='lat' dir='ltr'>sum)“.</span> 
     </span>
    </p>

    <p class='ocr_par' dir='ltr' id='par_1_4' title="bbox 320 1174 1618 1475">
     <span class='ocr_line' id='line_1_7' title="bbox 366 1174 1583 1256; baseline -0.007 -16"><span class='ocrx_word' id='word_1_39' title='bbox 366 1177 400 1255; x_wconf 88' lang='grc'>3)</span> <span class='ocrx_word' id='word_1_40' title='bbox 424 1177 494 1240; x_wconf 85' lang='lat' dir='ltr'>Iam</span> <span class='ocrx_word' id='word_1_41' title='bbox 530 1191 761 1240; x_wconf 86' lang='lat' dir='ltr'>enumeremus</span> <span class='ocrx_word' id='word_1_42' title='bbox 797 1192 854 1238; x_wconf 87' lang='lat' dir='ltr'>eos</span> <span class='ocrx_word' id='word_1_43' title='bbox 891 1175 990 1247; x_wconf 83' lang='lat' dir='ltr'>locos,</span> <span class='ocrx_word' id='word_1_44' title='bbox 1016 1174 1070 1238; x_wconf 92' lang='lat' dir='ltr'>ubi</span> <span class='ocrx_word' id='word_1_45' title='bbox 1095 1175 1159 1239; x_wconf 90' lang='grc' dir='ltr'>ἀπό</span> <span class='ocrx_word' id='word_1_46' title='bbox 1183 1193 1318 1238; x_wconf 81' lang='lat' dir='ltr'>causam</span> <span class='ocrx_word' id='word_1_47' title='bbox 1344 1175 1442 1256; x_wconf 84' lang='lat' dir='ltr'>(quae</span> <span class='ocrx_word' id='word_1_48' title='bbox 1465 1191 1583 1253; x_wconf 75' lang='lat' dir='ltr'>semper</span> 
     </span>
     <span class='ocr_line' id='line_1_8' title="bbox 320 1281 1618 1365; baseline -0.006 -17"><span class='ocrx_word' id='word_1_49' title='bbox 320 1289 372 1350; x_wconf 85' lang='lat' dir='ltr'>est</span> <span class='ocrx_word' id='word_1_50' title='bbox 395 1283 596 1365; x_wconf 86' lang='lat' dir='ltr'>adventicia)</span> <span class='ocrx_word' id='word_1_51' title='bbox 625 1281 787 1365; x_wconf 84' lang='lat' dir='ltr'>significat</span> <span class='ocrx_word' id='word_1_52' title='bbox 820 1283 1064 1365; x_wconf 53' lang='lat' dir='ltr'>tennemonn,</span> <span class='ocrx_word' id='word_1_53' title='bbox 1088 1284 1252 1361; x_wconf 53' lang='lat' dir='ltr'>nen-effu</span> <span class='ocrx_word' id='word_1_54' title='bbox 1278 1282 1401 1346; x_wconf 87' lang='lat' dir='ltr'>dieitur</span> <span class='ocrx_word' id='word_1_55' title='bbox 1427 1286 1536 1346; x_wconf 85' lang='lat' dir='ltr'>autem</span> <span class='ocrx_word' id='word_1_56' title='bbox 1558 1283 1584 1341; x_wconf 88' lang='lat' dir='ltr'>et</span> <span class='ocrx_word' id='word_1_57' title='bbox 1617 1287 1618 1350; x_wconf 75' lang='lat' dir='ltr'>j</span> 
     </span>
     <span class='ocr_line' id='line_1_9' title="bbox 320 1392 983 1475; baseline -0.011 -15"><span class='ocrx_word' id='word_1_58' title='bbox 320 1396 359 1460; x_wconf 90' lang='lat' dir='ltr'>de</span> <span class='ocrx_word' id='word_1_59' title='bbox 383 1394 483 1460; x_wconf 89' lang='lat' dir='ltr'>rebus</span> <span class='ocrx_word' id='word_1_60' title='bbox 508 1393 567 1475; x_wconf 87' lang='lat' dir='ltr'>(a),</span> <span class='ocrx_word' id='word_1_61' title='bbox 592 1393 688 1457; x_wconf 84' lang='lat' dir='ltr'>etde</span> <span class='ocrx_word' id='word_1_62' title='bbox 711 1393 900 1457; x_wconf 87' lang='lat' dir='ltr'>hominibus</span> <span class='ocrx_word' id='word_1_63' title='bbox 923 1392 983 1474; x_wconf 89' lang='lat' dir='ltr'>(b).</span> 
     </span>
    </p>

    <p class='ocr_par' dir='ltr' id='par_1_5' title="bbox 316 1500 1618 2224">
     <span class='ocr_line' id='line_1_10' title="bbox 365 1500 1583 1584; baseline -0.006 -18"><span class='ocrx_word' id='word_1_64' title='bbox 365 1501 397 1584; x_wconf 87' lang='grc' dir='ltr'>α)</span> <span class='ocrx_word' id='word_1_65' title='bbox 420 1500 457 1565; x_wconf 79' lang='lat' dir='ltr'>V.</span> <span class='ocrx_word' id='word_1_66' title='bbox 487 1505 569 1564; x_wconf 87' lang='grc'><strong>1253</strong></span> <span class='ocrx_word' id='word_1_67' title='bbox 606 1501 809 1564; x_wconf 82' lang='grc' dir='ltr'>ἀπὸ-οἴνου</span> <span class='ocrx_word' id='word_1_68' title='bbox 844 1501 979 1575; x_wconf 91' lang='grc' dir='ltr'>γίγνεται</span> <span class='ocrx_word' id='word_1_69' title='bbox 1014 1502 1064 1563; x_wconf 82' lang='grc' dir='ltr'>καί</span> <span class='ocrx_word' id='word_1_70' title='bbox 1091 1503 1313 1575; x_wconf 84' lang='grc' dir='ltr'>θυροκοπῆσαι</span> <span class='ocrx_word' id='word_1_71' title='bbox 1338 1504 1402 1564; x_wconf 92' lang='grc' dir='ltr'>κτλ.</span> <span class='ocrx_word' id='word_1_72' title='bbox 1430 1500 1515 1561; x_wconf 90' lang='grc'><strong>1282</strong></span> <span class='ocrx_word' id='word_1_73' title='bbox 1538 1518 1583 1575; x_wconf 90' lang='grc' dir='ltr'>μα-</span> 
     </span>
     <span class='ocr_line' id='line_1_11' title="bbox 320 1603 1580 1685; baseline -0.006 -13"><span class='ocrx_word' id='word_1_74' title='bbox 320 1609 418 1672; x_wconf 91' lang='grc' dir='ltr'>θόντα</span> <span class='ocrx_word' id='word_1_75' title='bbox 450 1609 537 1684; x_wconf 90' lang='grc' dir='ltr'>παρά</span> <span class='ocrx_word' id='word_1_76' title='bbox 572 1608 717 1685; x_wconf 90' lang='grc' dir='ltr'>μηδενός,</span> <span class='ocrx_word' id='word_1_77' title='bbox 755 1603 823 1671; x_wconf 86' lang='grc' dir='ltr'>ἀλλ’</span> <span class='ocrx_word' id='word_1_78' title='bbox 859 1606 922 1669; x_wconf 88' lang='grc' dir='ltr'>ἀπὸ</span> <span class='ocrx_word' id='word_1_79' title='bbox 958 1610 1068 1684; x_wconf 86' lang='grc' dir='ltr'>σοφῆς</span> <span class='ocrx_word' id='word_1_80' title='bbox 1091 1606 1219 1684; x_wconf 85' lang='grc' dir='ltr'>φύσεος</span> <span class='ocrx_word' id='word_1_81' title='bbox 1243 1607 1423 1683; x_wconf 91' lang='grc' dir='ltr'>αὐτόματον</span> <span class='ocrx_word' id='word_1_82' title='bbox 1446 1607 1580 1683; x_wconf 79' lang='grc' dir='ltr'>ἐκμαθεῖν</span> 
     </span>
     <span class='ocr_line' id='line_1_12' title="bbox 318 1710 1580 1795; baseline -0.005 -17"><span class='ocrx_word' id='word_1_83' title='bbox 318 1716 556 1791; x_wconf 81' lang='grc' dir='ltr'>γλωττοποιεῖν,</span> <span class='ocrx_word' id='word_1_84' title='bbox 582 1731 645 1793; x_wconf 89' lang='lat' dir='ltr'>qun</span> <span class='ocrx_word' id='word_1_85' title='bbox 679 1713 756 1777; x_wconf 89' lang='lat' dir='ltr'>loco</span> <span class='ocrx_word' id='word_1_86' title='bbox 792 1711 1021 1778; x_wconf 85' lang='lat' dir='ltr'>Bachmannus</span> <span class='ocrx_word' id='word_1_87' title='bbox 1054 1711 1097 1795; x_wconf 90' lang='grc' dir='ltr'>(ρ.</span> <span class='ocrx_word' id='word_1_88' title='bbox 1126 1713 1202 1791; x_wconf 86' lang='grc'><strong>128)</strong></span> <span class='ocrx_word' id='word_1_89' title='bbox 1228 1718 1341 1776; x_wconf 82' lang='lat' dir='ltr'>censet</span> <span class='ocrx_word' id='word_1_90' title='bbox 1362 1714 1450 1792; x_wconf 90' lang='grc' dir='ltr'>παρά</span> <span class='ocrx_word' id='word_1_91' title='bbox 1473 1716 1508 1777; x_wconf 89' lang='lat' dir='ltr'>et</span> <span class='ocrx_word' id='word_1_92' title='bbox 1531 1710 1580 1774; x_wconf 84' lang='grc' dir='ltr'>ἀπό</span> 
     </span>
     <span class='ocr_line' id='line_1_13' title="bbox 319 1818 1580 1901; baseline -0.006 -15"><span class='ocrx_word' id='word_1_93' title='bbox 319 1839 393 1886; x_wconf 88' lang='lat' dir='ltr'>sese</span> <span class='ocrx_word' id='word_1_94' title='bbox 428 1819 651 1901; x_wconf 76' lang='lat' dir='ltr'>exciperent</span> <span class='ocrx_word' id='word_1_95' title='bbox 685 1820 749 1884; x_wconf 90' lang='grc' dir='ltr'>ἀπὸ</span> <span class='ocrx_word' id='word_1_96' title='bbox 785 1841 820 1898; x_wconf 90' lang='grc' dir='ltr'>φ.</span> <span class='ocrx_word' id='word_1_97' title='bbox 846 1818 932 1882; x_wconf 90' lang='lat' dir='ltr'>idem</span> <span class='ocrx_word' id='word_1_98' title='bbox 957 1821 1001 1883; x_wconf 86' lang='lat' dir='ltr'>sit</span> <span class='ocrx_word' id='word_1_99' title='bbox 1024 1837 1062 1883; x_wconf 82' lang='lat' dir='ltr'>ee</span> <span class='ocrx_word' id='word_1_100' title='bbox 1086 1823 1173 1897; x_wconf 86' lang='grc' dir='ltr'>παρὰ</span> <span class='ocrx_word' id='word_1_101' title='bbox 1197 1842 1233 1899; x_wconf 90' lang='grc' dir='ltr'>φ.</span> <span class='ocrx_word' id='word_1_102' title='bbox 1257 1819 1327 1901; x_wconf 84' lang='lat' dir='ltr'>Egn</span> <span class='ocrx_word' id='word_1_103' title='bbox 1352 1839 1430 1884; x_wconf 89' lang='lat' dir='ltr'>vero</span> <span class='ocrx_word' id='word_1_104' title='bbox 1456 1821 1503 1884; x_wconf 86' lang='lat' dir='ltr'>ita</span> <span class='ocrx_word' id='word_1_105' title='bbox 1527 1819 1580 1880; x_wconf 84' lang='lat' dir='ltr'>exi·</span> 
     </span>
     <span class='ocr_line' id='line_1_14' title="bbox 318 1925 1577 2014; baseline -0.005 -22"><span class='ocrx_word' id='word_1_106' title='bbox 318 1929 426 2002; x_wconf 86' lang='lat' dir='ltr'>stimo,</span> <span class='ocrx_word' id='word_1_107' title='bbox 450 1927 558 1991; x_wconf 84' lang='lat' dir='ltr'>verbis</span> <span class='ocrx_word' id='word_1_108' title='bbox 582 1929 670 2003; x_wconf 90' lang='grc' dir='ltr'>παρά</span> <span class='ocrx_word' id='word_1_109' title='bbox 694 1930 766 2004; x_wconf 90' lang='grc' dir='ltr'>μηδ.</span> <span class='ocrx_word' id='word_1_110' title='bbox 791 1925 992 2007; x_wconf 85' lang='lat' dir='ltr'>respondere</span> <span class='ocrx_word' id='word_1_111' title='bbox 1025 1925 1219 2014; x_wconf 85' lang='grc' dir='ltr'>αὐτόματον,</span> <span class='ocrx_word' id='word_1_112' title='bbox 1244 1927 1307 1991; x_wconf 87' lang='grc' dir='ltr'>ἀπὸ</span> <span class='ocrx_word' id='word_1_113' title='bbox 1332 1949 1368 2006; x_wconf 89' lang='grc' dir='ltr'>φ.</span> <span class='ocrx_word' id='word_1_114' title='bbox 1393 1928 1460 2006; x_wconf 89' lang='grc' dir='ltr'>ἐκμ.</span> <span class='ocrx_word' id='word_1_115' title='bbox 1485 1930 1577 1989; x_wconf 75' lang='grc' dir='ltr'>καίτοι</span> 
     </span>
     <span class='ocr_line' id='line_1_15' title="bbox 318 2032 1618 2116; baseline -0.004 -19"><span class='ocrx_word' id='word_1_116' title='bbox 318 2051 481 2099; x_wconf 90' lang='lat' dir='ltr'>essenon</span> <span class='ocrx_word' id='word_1_117' title='bbox 508 2053 546 2116; x_wconf 85' lang='lat' dir='ltr'>„a</span> <span class='ocrx_word' id='word_1_118' title='bbox 570 2043 688 2098; x_wconf 86' lang='lat' dir='ltr'>natura</span> <span class='ocrx_word' id='word_1_119' title='bbox 713 2032 875 2110; x_wconf 84' lang='lat' dir='ltr'>discere“‚</span> <span class='ocrx_word' id='word_1_120' title='bbox 901 2033 956 2097; x_wconf 87' lang='lat' dir='ltr'>sed</span> <span class='ocrx_word' id='word_1_121' title='bbox 996 2046 1151 2115; x_wconf 84' lang='lat' dir='ltr'>„propter</span> <span class='ocrx_word' id='word_1_122' title='bbox 1180 2039 1351 2098; x_wconf 68' lang='lat' dir='ltr'>naturanr‘¹</span> <span class='ocrx_word' id='word_1_123' title='bbox 1379 2033 1431 2099; x_wconf 85' lang='lat' dir='ltr'>vel</span> <span class='ocrx_word' id='word_1_124' title='bbox 1457 2043 1577 2114; x_wconf 81' lang='lat' dir='ltr'>„suopte</span> <span class='ocrx_word' id='word_1_125' title='bbox 1617 2047 1618 2052; x_wconf 47' lang='lat'>¹</span> 
     </span>
     <span class='ocr_line' id='line_1_16' title="bbox 316 2139 992 2224; baseline 0.001 -18"><span class='ocrx_word' id='word_1_126' title='bbox 316 2141 482 2224; x_wconf 84' lang='lat' dir='ltr'>ingenio“‚</span> <span class='ocrx_word' id='word_1_127' title='bbox 497 2147 535 2205; x_wconf 86' lang='lat' dir='ltr'>ut</span> <span class='ocrx_word' id='word_1_128' title='bbox 557 2148 646 2206; x_wconf 86' lang='lat' dir='ltr'>reete</span> <span class='ocrx_word' id='word_1_129' title='bbox 670 2139 769 2205; x_wconf 85' lang='lat' dir='ltr'>vertit</span> <span class='ocrx_word' id='word_1_130' title='bbox 796 2139 992 2207; x_wconf 73' lang='lat' dir='ltr'>Brunckina</span> 
     </span>
    </p>

    <p class='ocr_par' dir='ltr' id='par_1_6' title="bbox 318 2245 1577 2436">
     <span class='ocr_line' id='line_1_17' title="bbox 364 2245 1577 2328; baseline 0 -17"><span class='ocrx_word' id='word_1_131' title='bbox 364 2250 421 2311; x_wconf 88' lang='grc' dir='ltr'>Αν.</span> <span class='ocrx_word' id='word_1_132' title='bbox 447 2249 511 2310; x_wconf 84' lang='grc'>485</span> <span class='ocrx_word' id='word_1_133' title='bbox 536 2251 674 2312; x_wconf 83' lang='grc' dir='ltr'>καλεῖται</span> <span class='ocrx_word' id='word_1_134' title='bbox 697 2250 850 2325; x_wconf 90' lang='grc' dir='ltr'>περσικός</span> <span class='ocrx_word' id='word_1_135' title='bbox 874 2245 963 2325; x_wconf 82' lang='grc' dir='ltr'>ὄρνις</span> <span class='ocrx_word' id='word_1_136' title='bbox 986 2248 1050 2311; x_wconf 84' lang='grc' dir='ltr'>ἀπὸ</span> <span class='ocrx_word' id='word_1_137' title='bbox 1072 2255 1129 2325; x_wconf 86' lang='grc' dir='ltr'>τῆς</span> <span class='ocrx_word' id='word_1_138' title='bbox 1153 2249 1263 2328; x_wconf 86' lang='grc' dir='ltr'>ἀρχῆς.</span> <span class='ocrx_word' id='word_1_139' title='bbox 1281 2252 1345 2312; x_wconf 85' lang='grc'>489</span> <span class='ocrx_word' id='word_1_140' title='bbox 1371 2250 1435 2314; x_wconf 87' lang='grc' dir='ltr'>ἀπὸ</span> <span class='ocrx_word' id='word_1_141' title='bbox 1457 2255 1517 2328; x_wconf 87' lang='grc' dir='ltr'>τῆς</span> <span class='ocrx_word' id='word_1_142' title='bbox 1532 2249 1577 2327; x_wconf 85' lang='grc' dir='ltr'>ῥώ-</span> 
     </span>
     <span class='ocr_line' id='line_1_18' title="bbox 318 2354 1577 2436; baseline -0.003 -17"><span class='ocrx_word' id='word_1_143' title='bbox 318 2377 379 2434; x_wconf 92' lang='grc' dir='ltr'>μης</span> <span class='ocrx_word' id='word_1_144' title='bbox 402 2360 459 2432; x_wconf 87' lang='grc' dir='ltr'>τῆς</span> <span class='ocrx_word' id='word_1_145' title='bbox 481 2354 546 2420; x_wconf 91' lang='grc' dir='ltr'>τότ’</span> <span class='ocrx_word' id='word_1_146' title='bbox 572 2356 692 2432; x_wconf 83' lang='grc' dir='ltr'>ἐκείνης</span> <span class='ocrx_word' id='word_1_147' title='bbox 716 2355 751 2433; x_wconf 88' lang='grc'>(1.</span> <span class='ocrx_word' id='word_1_148' title='bbox 775 2375 803 2418; x_wconf 90' lang='lat' dir='ltr'>e.</span> <span class='ocrx_word' id='word_1_149' title='bbox 827 2359 885 2419; x_wconf 80' lang='grc' dir='ltr'>τοῦ</span> <span class='ocrx_word' id='word_1_150' title='bbox 909 2355 1145 2436; x_wconf 82' lang='grc' dir='ltr'>ἀλεκτρυόνος),</span> <span class='ocrx_word' id='word_1_151' title='bbox 1171 2355 1293 2420; x_wconf 88' lang='grc' dir='ltr'>ὁπόταν</span> <span class='ocrx_word' id='word_1_152' title='bbox 1327 2358 1428 2435; x_wconf 89' lang='grc' dir='ltr'>νόμον</span> <span class='ocrx_word' id='word_1_153' title='bbox 1462 2358 1577 2435; x_wconf 84' lang='grc' dir='ltr'>ὄρθριον</span> 
     </span>
    </p>
   </div>
   <div class='ocr_carea' id='block_1_3' title="bbox 196 2461 1576 2546">
    <p class='ocr_par' dir='ltr' id='par_1_7' title="bbox 196 2461 1576 2546">
     <span class='ocr_line' id='line_1_19' title="bbox 196 2461 1576 2546; baseline -0.004 -17"><span class='ocrx_word' id='word_1_154' title='bbox 196 2519 202 2529; x_wconf 93' lang='grc'>.</span> <span class='ocrx_word' id='word_1_155' title='bbox 318 2462 394 2546; x_wconf 82' lang='grc' dir='ltr'>ἄση,</span> <span class='ocrx_word' id='word_1_156' title='bbox 420 2463 628 2538; x_wconf 81' lang='grc' dir='ltr'>ἀναπηδῶσιν</span> <span class='ocrx_word' id='word_1_157' title='bbox 651 2463 768 2539; x_wconf 88' lang='grc' dir='ltr'>πάντες</span> <span class='ocrx_word' id='word_1_158' title='bbox 791 2461 841 2526; x_wconf 89' lang='grc' dir='ltr'>ἐπ’</span> <span class='ocrx_word' id='word_1_159' title='bbox 865 2463 970 2541; x_wconf 80' lang='grc' dir='ltr'>ἔργον,</span> <span class='ocrx_word' id='word_1_160' title='bbox 984 2462 1038 2526; x_wconf 94' lang='lat' dir='ltr'>ubi</span> <span class='ocrx_word' id='word_1_161' title='bbox 1063 2462 1127 2526; x_wconf 89' lang='grc' dir='ltr'>ἀπό</span> <span class='ocrx_word' id='word_1_162' title='bbox 1152 2463 1190 2525; x_wconf 89' lang='lat' dir='ltr'>ab</span> <span class='ocrx_word' id='word_1_163' title='bbox 1215 2463 1404 2528; x_wconf 87' lang='lat' dir='ltr'>Hamakero</span> <span class='ocrx_word' id='word_1_164' title='bbox 1422 2470 1512 2530; x_wconf 82' lang='lat' dir='ltr'>recte</span> <span class='ocrx_word' id='word_1_165' title='bbox 1532 2480 1576 2542; x_wconf 83' lang='grc' dir='ltr'>ριο</span> 
     </span>
    </p>
   </div>
   <div class='ocr_carea' id='block_1_4' title="bbox 311 2567 1610 4578">
    <p class='ocr_par' dir='ltr' id='par_1_8' title="bbox 314 2567 1576 3078">
     <span class='ocr_line' id='line_1_20' title="bbox 317 2567 1576 2654; baseline -0.001 -22"><span class='ocrx_word' id='word_1_166' title='bbox 317 2569 380 2634; x_wconf 82' lang='grc' dir='ltr'>ὑπό</span> <span class='ocrx_word' id='word_1_167' title='bbox 393 2567 554 2633; x_wconf 83' lang='grc' dir='ltr'>1ίδτοκιιιιι</span> <span class='ocrx_word' id='word_1_168' title='bbox 568 2569 757 2633; x_wconf 86' lang='lat' dir='ltr'>restitutum</span> <span class='ocrx_word' id='word_1_169' title='bbox 783 2574 841 2634; x_wconf 87' lang='lat' dir='ltr'>est.</span> <span class='ocrx_word' id='word_1_170' title='bbox 860 2568 944 2646; x_wconf 80' lang='lat' dir='ltr'>Quid</span> <span class='ocrx_word' id='word_1_171' title='bbox 970 2571 1056 2633; x_wconf 90' lang='lat' dir='ltr'>enim</span> <span class='ocrx_word' id='word_1_172' title='bbox 1082 2576 1172 2634; x_wconf 81' lang='lat' dir='ltr'>esset</span> <span class='ocrx_word' id='word_1_173' title='bbox 1195 2573 1258 2636; x_wconf 86' lang='grc' dir='ltr'>ὑπὸ</span> <span class='ocrx_word' id='word_1_174' title='bbox 1283 2571 1329 2650; x_wconf 66' lang='grc' dir='ltr'>δ’.)</span> <span class='ocrx_word' id='word_1_175' title='bbox 1347 2571 1499 2638; x_wconf 82' lang='lat' dir='ltr'>Potentia</span> <span class='ocrx_word' id='word_1_176' title='bbox 1514 2570 1576 2654; x_wconf 85' lang='lat' dir='ltr'>galli</span> 
     </span>
     <span class='ocr_line' id='line_1_21' title="bbox 316 2674 1574 2761; baseline -0.002 -20"><span class='ocrx_word' id='word_1_177' title='bbox 316 2676 433 2741; x_wconf 85' lang='lat' dir='ltr'>eoacti.</span> <span class='ocrx_word' id='word_1_178' title='bbox 470 2677 511 2739; x_wconf 82' lang='lat' dir='ltr'>At</span> <span class='ocrx_word' id='word_1_179' title='bbox 546 2674 710 2757; x_wconf 89' lang='lat' dir='ltr'>quomodo</span> <span class='ocrx_word' id='word_1_180' title='bbox 746 2678 892 2757; x_wconf 86' lang='lat' dir='ltr'>potentia</span> <span class='ocrx_word' id='word_1_181' title='bbox 926 2677 1012 2758; x_wconf 75' lang='lat' dir='ltr'>galli,</span> <span class='ocrx_word' id='word_1_182' title='bbox 1037 2695 1120 2757; x_wconf 87' lang='lat' dir='ltr'>qnae</span> <span class='ocrx_word' id='word_1_183' title='bbox 1155 2678 1231 2743; x_wconf 88' lang='lat' dir='ltr'>elim</span> <span class='ocrx_word' id='word_1_184' title='bbox 1269 2699 1386 2761; x_wconf 83' lang='lat' dir='ltr'>magna</span> <span class='ocrx_word' id='word_1_185' title='bbox 1408 2680 1480 2758; x_wconf 83' lang='lat' dir='ltr'>fuit,</span> <span class='ocrx_word' id='word_1_186' title='bbox 1505 2695 1574 2744; x_wconf 87' lang='lat' dir='ltr'>nunc</span> 
     </span>
     <span class='ocr_line' id='line_1_22' title="bbox 315 2782 1574 2864; baseline -0.003 -16"><span class='ocrx_word' id='word_1_187' title='bbox 315 2783 404 2848; x_wconf 85' lang='lat' dir='ltr'>nulle</span> <span class='ocrx_word' id='word_1_188' title='bbox 428 2791 489 2858; x_wconf 87' lang='lat' dir='ltr'>est,</span> <span class='ocrx_word' id='word_1_189' title='bbox 510 2782 657 2848; x_wconf 89' lang='lat' dir='ltr'>homines</span> <span class='ocrx_word' id='word_1_190' title='bbox 684 2800 800 2864; x_wconf 80' lang='lat' dir='ltr'>cogere</span> <span class='ocrx_word' id='word_1_191' title='bbox 826 2784 950 2863; x_wconf 80' lang='lat' dir='ltr'>potest?</span> <span class='ocrx_word' id='word_1_192' title='bbox 966 2786 1036 2848; x_wconf 90' lang='grc' dir='ltr'>Από</span> <span class='ocrx_word' id='word_1_193' title='bbox 1060 2791 1170 2848; x_wconf 86' lang='lat' dir='ltr'>autem</span> <span class='ocrx_word' id='word_1_194' title='bbox 1196 2805 1269 2850; x_wconf 89' lang='lat' dir='ltr'>cum</span> <span class='ocrx_word' id='word_1_195' title='bbox 1295 2788 1433 2852; x_wconf 84' lang='lat' dir='ltr'>maxime</span> <span class='ocrx_word' id='word_1_196' title='bbox 1449 2786 1574 2852; x_wconf 83' lang='lat' dir='ltr'>adhunc</span> 
     </span>
     <span class='ocr_line' id='line_1_23' title="bbox 315 2887 1572 2975; baseline 0.004 -25"><span class='ocrx_word' id='word_1_197' title='bbox 315 2906 426 2951; x_wconf 88' lang='lat' dir='ltr'>rerum</span> <span class='ocrx_word' id='word_1_198' title='bbox 463 2893 583 2951; x_wconf 87' lang='lat' dir='ltr'>statum</span> <span class='ocrx_word' id='word_1_199' title='bbox 620 2888 781 2952; x_wconf 86' lang='lat' dir='ltr'>convenit:</span> <span class='ocrx_word' id='word_1_200' title='bbox 806 2894 857 2953; x_wconf 86' lang='lat' dir='ltr'>est</span> <span class='ocrx_word' id='word_1_201' title='bbox 881 2887 964 2953; x_wconf 89' lang='lat' dir='ltr'>enirn</span> <span class='ocrx_word' id='word_1_202' title='bbox 1000 2896 1153 2970; x_wconf 87' lang='lat' dir='ltr'>„propter</span> <span class='ocrx_word' id='word_1_203' title='bbox 1176 2893 1356 2971; x_wconf 85' lang='lat' dir='ltr'>potentiam</span> <span class='ocrx_word' id='word_1_204' title='bbox 1381 2893 1490 2975; x_wconf 80' lang='lat' dir='ltr'>galli“‚</span> <span class='ocrx_word' id='word_1_205' title='bbox 1515 2893 1532 2958; x_wconf 88' lang='lat' dir='ltr'>i.</span> <span class='ocrx_word' id='word_1_206' title='bbox 1553 2905 1572 2952; x_wconf 78' lang='lat' dir='ltr'>e.</span> 
     </span>
     <span class='ocr_line' id='line_1_24' title="bbox 314 2992 1327 3078; baseline 0.009 -22"><span class='ocrx_word' id='word_1_207' title='bbox 314 2992 475 3070; x_wconf 80' lang='lat' dir='ltr'>homines,</span> <span class='ocrx_word' id='word_1_208' title='bbox 500 2995 572 3059; x_wconf 89' lang='lat' dir='ltr'>eius</span> <span class='ocrx_word' id='word_1_209' title='bbox 595 2996 764 3075; x_wconf 87' lang='lat' dir='ltr'>potentiae</span> <span class='ocrx_word' id='word_1_210' title='bbox 788 3014 964 3078; x_wconf 87' lang='lat' dir='ltr'>memores,</span> <span class='ocrx_word' id='word_1_211' title='bbox 988 2998 1028 3059; x_wconf 85' lang='lat' dir='ltr'>ad</span> <span class='ocrx_word' id='word_1_212' title='bbox 1053 3015 1136 3078; x_wconf 86' lang='lat' dir='ltr'>opus</span> <span class='ocrx_word' id='word_1_213' title='bbox 1160 2998 1327 3065; x_wconf 83' lang='lat' dir='ltr'>exsiliunt.</span> 
     </span>
    </p>

    <p class='ocr_par' dir='ltr' id='par_1_9' title="bbox 359 3097 1113 3183">
     <span class='ocr_line' id='line_1_25' title="bbox 359 3097 1113 3183; baseline 0.008 -20"><span class='ocrx_word' id='word_1_214' title='bbox 359 3097 397 3163; x_wconf 86' lang='lat' dir='ltr'>R.</span> <span class='ocrx_word' id='word_1_215' title='bbox 426 3101 509 3163; x_wconf 82' lang='lat'>1305</span> <span class='ocrx_word' id='word_1_216' title='bbox 535 3100 679 3166; x_wconf 83' lang='grc' dir='ltr'>ἀπὸτοῦ</span> <span class='ocrx_word' id='word_1_217' title='bbox 703 3105 793 3182; x_wconf 85' lang='grc' dir='ltr'>τιμήν</span> <span class='ocrx_word' id='word_1_218' title='bbox 817 3107 868 3167; x_wconf 86' lang='grc' dir='ltr'>καὶ</span> <span class='ocrx_word' id='word_1_219' title='bbox 892 3106 983 3181; x_wconf 81' lang='grc' dir='ltr'>κλέος</span> <span class='ocrx_word' id='word_1_220' title='bbox 1008 3106 1113 3183; x_wconf 84' lang='grc' dir='ltr'>ἐσχεν;</span> 
     </span>
    </p>

    <p class='ocr_par' dir='ltr' id='par_1_10' title="bbox 311 3207 1571 3401">
     <span class='ocr_line' id='line_1_26' title="bbox 358 3207 1571 3288; baseline 0.003 -18"><span class='ocrx_word' id='word_1_221' title='bbox 358 3207 392 3288; x_wconf 87' lang='lat' dir='ltr'>b)</span> <span class='ocrx_word' id='word_1_222' title='bbox 418 3209 475 3272; x_wconf 85' lang='grc' dir='ltr'>Αν,</span> <span class='ocrx_word' id='word_1_223' title='bbox 500 3213 558 3271; x_wconf 78' lang='grc'>151</span> <span class='ocrx_word' id='word_1_224' title='bbox 588 3209 792 3288; x_wconf 84' lang='grc' dir='ltr'>βδελύττομαι</span> <span class='ocrx_word' id='word_1_225' title='bbox 826 3213 884 3275; x_wconf 87' lang='grc' dir='ltr'>τὸν</span> <span class='ocrx_word' id='word_1_226' title='bbox 920 3213 1063 3288; x_wconf 89' lang='grc' dir='ltr'>Λέπρεον</span> <span class='ocrx_word' id='word_1_227' title='bbox 1087 3214 1150 3277; x_wconf 87' lang='grc' dir='ltr'>ἀπὸ</span> <span class='ocrx_word' id='word_1_228' title='bbox 1176 3216 1369 3280; x_wconf 90' lang='grc' dir='ltr'>Μελανθίου.</span> <span class='ocrx_word' id='word_1_229' title='bbox 1398 3221 1479 3282; x_wconf 85' lang='grc'><strong>1702</strong></span> <span class='ocrx_word' id='word_1_230' title='bbox 1505 3211 1571 3278; x_wconf 85' lang='grc' dir='ltr'>κάπὸ</span> 
     </span>
     <span class='ocr_line' id='line_1_27' title="bbox 311 3315 1400 3401; baseline 0.01 -25"><span class='ocrx_word' id='word_1_231' title='bbox 311 3315 378 3376; x_wconf 88' lang='grc' dir='ltr'>τῶν</span> <span class='ocrx_word' id='word_1_232' title='bbox 401 3315 736 3394; x_wconf 85' lang='grc' dir='ltr'>ἐγγλωττογαστόρων</span> <span class='ocrx_word' id='word_1_233' title='bbox 760 3319 954 3395; x_wconf 78' lang='grc' dir='ltr'>ἐκείνων-ἡ</span> <span class='ocrx_word' id='word_1_234' title='bbox 980 3324 1103 3394; x_wconf 88' lang='grc' dir='ltr'>γλῶττα</span> <span class='ocrx_word' id='word_1_235' title='bbox 1128 3324 1225 3400; x_wconf 85' lang='grc' dir='ltr'>χωρὶς</span> <span class='ocrx_word' id='word_1_236' title='bbox 1248 3326 1400 3401; x_wconf 86' lang='grc' dir='ltr'>τέμνεται.</span> 
     </span>
    </p>

    <p class='ocr_par' dir='ltr' id='par_1_11' title="bbox 313 3419 1570 3715">
     <span class='ocr_line' id='line_1_28' title="bbox 358 3419 1570 3513; baseline 0.007 -30"><span class='ocrx_word' id='word_1_237' title='bbox 358 3419 394 3484; x_wconf 88' lang='lat' dir='ltr'>L.</span> <span class='ocrx_word' id='word_1_238' title='bbox 423 3425 483 3486; x_wconf 90' lang='grc'><strong>138</strong></span> <span class='ocrx_word' id='word_1_239' title='bbox 506 3421 565 3486; x_wconf 80' lang='grc' dir='ltr'>οὐκ</span> <span class='ocrx_word' id='word_1_240' title='bbox 590 3425 663 3501; x_wconf 88' lang='grc' dir='ltr'>ἐτὸς</span> <span class='ocrx_word' id='word_1_241' title='bbox 687 3424 743 3503; x_wconf 77' lang='grc' dir='ltr'>ἀφ’</span> <span class='ocrx_word' id='word_1_242' title='bbox 764 3424 856 3502; x_wconf 84' lang='grc' dir='ltr'>ἡμῶν</span> <span class='ocrx_word' id='word_1_243' title='bbox 880 3427 959 3491; x_wconf 91' lang='grc' dir='ltr'>εἰσιν</span> <span class='ocrx_word' id='word_1_244' title='bbox 983 3428 1014 3490; x_wconf 91' lang='grc' dir='ltr'>αἱ</span> <span class='ocrx_word' id='word_1_245' title='bbox 1036 3431 1215 3513; x_wconf 86' lang='grc' dir='ltr'>τραγῳδίαι,</span> <span class='ocrx_word' id='word_1_246' title='bbox 1232 3448 1326 3511; x_wconf 84' lang='lat' dir='ltr'>quern</span> <span class='ocrx_word' id='word_1_247' title='bbox 1345 3451 1474 3499; x_wconf 85' lang='lat' dir='ltr'>versum</span> <span class='ocrx_word' id='word_1_248' title='bbox 1492 3429 1570 3508; x_wconf 63' lang='lat' dir='ltr'>Blar-</span> 
     </span>
     <span class='ocr_line' id='line_1_29' title="bbox 313 3525 1569 3615; baseline 0.005 -24"><span class='ocrx_word' id='word_1_249' title='bbox 313 3527 424 3593; x_wconf 80' lang='lat' dir='ltr'>nesius</span> <span class='ocrx_word' id='word_1_250' title='bbox 460 3547 522 3593; x_wconf 91' lang='lat' dir='ltr'>nou</span> <span class='ocrx_word' id='word_1_251' title='bbox 557 3530 696 3594; x_wconf 87' lang='lat' dir='ltr'>debebat</span> <span class='ocrx_word' id='word_1_252' title='bbox 731 3547 804 3595; x_wconf 85' lang='lat' dir='ltr'>eum</span> <span class='ocrx_word' id='word_1_253' title='bbox 842 3535 904 3596; x_wconf 87' lang='grc'>398</span> <span class='ocrx_word' id='word_1_254' title='bbox 929 3550 1132 3615; x_wconf 84' lang='lat' dir='ltr'>comparare:</span> <span class='ocrx_word' id='word_1_255' title='bbox 1156 3555 1216 3600; x_wconf 85' lang='lat' dir='ltr'>nee</span> <span class='ocrx_word' id='word_1_256' title='bbox 1240 3525 1325 3602; x_wconf 90' lang='lat' dir='ltr'>enim</span> <span class='ocrx_word' id='word_1_257' title='bbox 1351 3561 1372 3602; x_wconf 90' lang='grc' dir='ltr'>υ</span> <span class='ocrx_word' id='word_1_258' title='bbox 1397 3539 1569 3605; x_wconf 83' lang='grc' dir='ltr'>ιιιιι11ειίδιι</span> 
     </span>
     <span class='ocr_line' id='line_1_30' title="bbox 315 3633 1117 3715; baseline 0.011 -20"><span class='ocrx_word' id='word_1_259' title='bbox 315 3633 503 3715; x_wconf 79' lang='lat' dir='ltr'>tragoediae</span> <span class='ocrx_word' id='word_1_260' title='bbox 529 3635 792 3715; x_wconf 83' lang='lat' dir='ltr'>conscribuntur,</span> <span class='ocrx_word' id='word_1_261' title='bbox 819 3638 878 3702; x_wconf 87' lang='lat' dir='ltr'>sed</span> <span class='ocrx_word' id='word_1_262' title='bbox 902 3641 939 3702; x_wconf 82' lang='lat' dir='ltr'>de</span> <span class='ocrx_word' id='word_1_263' title='bbox 963 3639 1003 3703; x_wconf 85' lang='lat' dir='ltr'>iis</span> <span class='ocrx_word' id='word_1_264' title='bbox 1026 3637 1117 3704; x_wconf 90' lang='lat' dir='ltr'>fiunt.</span> 
     </span>
    </p>

    <p class='ocr_par' dir='ltr' id='par_1_12' title="bbox 357 3738 1567 3830">
     <span class='ocr_line' id='line_1_31' title="bbox 357 3738 1567 3830; baseline 0.009 -29"><span class='ocrx_word' id='word_1_265' title='bbox 357 3738 409 3806; x_wconf 84' lang='lat' dir='ltr'>Fr.</span> <span class='ocrx_word' id='word_1_266' title='bbox 436 3744 497 3804; x_wconf 83' lang='grc'>549</span> <span class='ocrx_word' id='word_1_267' title='bbox 515 3741 579 3806; x_wconf 89' lang='grc' dir='ltr'>ἀπὸ</span> <span class='ocrx_word' id='word_1_268' title='bbox 592 3744 801 3822; x_wconf 87' lang='grc' dir='ltr'>Θηραμένους</span> <span class='ocrx_word' id='word_1_269' title='bbox 813 3746 940 3810; x_wconf 91' lang='grc' dir='ltr'>δέδοικα</span> <span class='ocrx_word' id='word_1_270' title='bbox 952 3749 992 3811; x_wconf 90' lang='grc' dir='ltr'>τά</span> <span class='ocrx_word' id='word_1_271' title='bbox 1003 3748 1074 3824; x_wconf 89' lang='grc' dir='ltr'>τρία</span> <span class='ocrx_word' id='word_1_272' title='bbox 1087 3752 1174 3813; x_wconf 90' lang='grc' dir='ltr'>ταυτί</span> <span class='ocrx_word' id='word_1_273' title='bbox 1184 3749 1416 3830; x_wconf 83' lang='lat' dir='ltr'>„Theramenis</span> <span class='ocrx_word' id='word_1_274' title='bbox 1428 3747 1567 3818; x_wconf 74' lang='grc' dir='ltr'>τιιοταυτ“1</span> 
     </span>
    </p>

    <p class='ocr_par' dir='ltr' id='par_1_13' title="bbox 311 3845 1569 4355">
     <span class='ocr_line' id='line_1_32' title="bbox 358 3845 1569 3934; baseline 0.002 -25"><span class='ocrx_word' id='word_1_275' title='bbox 358 3845 393 3930; x_wconf 83' lang='grc'>4)</span> <span class='ocrx_word' id='word_1_276' title='bbox 416 3846 522 3911; x_wconf 90' lang='lat' dir='ltr'>Multo</span> <span class='ocrx_word' id='word_1_277' title='bbox 557 3849 669 3930; x_wconf 84' lang='lat' dir='ltr'>plures</span> <span class='ocrx_word' id='word_1_278' title='bbox 709 3861 786 3916; x_wconf 86' lang='lat' dir='ltr'>sunt</span> <span class='ocrx_word' id='word_1_279' title='bbox 819 3852 897 3930; x_wconf 87' lang='lat' dir='ltr'>loci,</span> <span class='ocrx_word' id='word_1_280' title='bbox 923 3853 1041 3934; x_wconf 90' lang='lat' dir='ltr'>quibus</span> <span class='ocrx_word' id='word_1_281' title='bbox 1077 3855 1140 3920; x_wconf 85' lang='grc' dir='ltr'>ἀπό</span> <span class='ocrx_word' id='word_1_282' title='bbox 1175 3856 1431 3924; x_wconf 85' lang='lat' dir='ltr'>instrumentum</span> <span class='ocrx_word' id='word_1_283' title='bbox 1463 3855 1569 3922; x_wconf 87' lang='lat' dir='ltr'>indicat</span> 
     </span>
     <span class='ocr_line' id='line_1_33' title="bbox 313 3951 1569 4041; baseline 0.008 -26"><span class='ocrx_word' id='word_1_284' title='bbox 313 3951 613 4032; x_wconf 75' lang='lat' dir='ltr'>(,‚noepenera0m‚‚</span> <span class='ocrx_word' id='word_1_285' title='bbox 639 3976 680 4020; x_wconf 76' lang='lat' dir='ltr'>ea</span> <span class='ocrx_word' id='word_1_286' title='bbox 706 3960 915 4040; x_wconf 81' lang='lat' dir='ltr'>nonomam“)</span> <span class='ocrx_word' id='word_1_287' title='bbox 940 3962 997 4038; x_wconf 77' lang='lat' dir='ltr'>(a).</span> <span class='ocrx_word' id='word_1_288' title='bbox 1010 3958 1048 4022; x_wconf 91' lang='lat' dir='ltr'>In</span> <span class='ocrx_word' id='word_1_289' title='bbox 1070 3979 1133 4041; x_wconf 90' lang='lat' dir='ltr'>quo</span> <span class='ocrx_word' id='word_1_290' title='bbox 1152 3980 1288 4026; x_wconf 86' lang='lat' dir='ltr'>numero</span> <span class='ocrx_word' id='word_1_291' title='bbox 1309 3963 1491 4032; x_wconf 82' lang='lat' dir='ltr'>collocandi</span> <span class='ocrx_word' id='word_1_292' title='bbox 1508 3967 1569 4026; x_wconf 78' lang='lat' dir='ltr'>suut</span> 
     </span>
     <span class='ocr_line' id='line_1_34' title="bbox 313 4057 1565 4154; baseline 0.01 -34"><span class='ocrx_word' id='word_1_293' title='bbox 313 4057 413 4122; x_wconf 91' lang='lat' dir='ltr'>etiam</span> <span class='ocrx_word' id='word_1_294' title='bbox 438 4060 461 4122; x_wconf 93' lang='lat' dir='ltr'>ii</span> <span class='ocrx_word' id='word_1_295' title='bbox 486 4061 560 4136; x_wconf 81' lang='lat' dir='ltr'>loei,</span> <span class='ocrx_word' id='word_1_296' title='bbox 587 4063 641 4126; x_wconf 92' lang='lat' dir='ltr'>ubi</span> <span class='ocrx_word' id='word_1_297' title='bbox 677 4063 716 4126; x_wconf 83' lang='lat' dir='ltr'>de</span> <span class='ocrx_word' id='word_1_298' title='bbox 752 4066 868 4146; x_wconf 88' lang='lat' dir='ltr'>opibus</span> <span class='ocrx_word' id='word_1_299' title='bbox 899 4067 1018 4148; x_wconf 84' lang='lat' dir='ltr'>agitur,</span> <span class='ocrx_word' id='word_1_300' title='bbox 1043 4069 1160 4148; x_wconf 89' lang='lat' dir='ltr'>quibus</span> <span class='ocrx_word' id='word_1_301' title='bbox 1186 4071 1309 4152; x_wconf 86' lang='lat' dir='ltr'>aliquid</span> <span class='ocrx_word' id='word_1_302' title='bbox 1332 4072 1499 4154; x_wconf 85' lang='lat' dir='ltr'>perficitur</span> <span class='ocrx_word' id='word_1_303' title='bbox 1520 4065 1565 4148; x_wconf 81' lang='grc'><strong>(1),</strong></span> 
     </span>
     <span class='ocr_line' id='line_1_35' title="bbox 312 4163 1565 4262; baseline 0.012 -34"><span class='ocrx_word' id='word_1_304' title='bbox 312 4163 383 4228; x_wconf 86' lang='lat' dir='ltr'>eive</span> <span class='ocrx_word' id='word_1_305' title='bbox 421 4168 562 4248; x_wconf 84' lang='lat' dir='ltr'>pecunia</span> <span class='ocrx_word' id='word_1_306' title='bbox 598 4174 650 4233; x_wconf 86' lang='lat' dir='ltr'>est</span> <span class='ocrx_word' id='word_1_307' title='bbox 686 4171 801 4255; x_wconf 83' lang='lat' dir='ltr'>(„na“)</span> <span class='ocrx_word' id='word_1_308' title='bbox 836 4172 896 4255; x_wconf 90' lang='grc' dir='ltr'>(α),</span> <span class='ocrx_word' id='word_1_309' title='bbox 934 4174 1003 4236; x_wconf 89' lang='lat' dir='ltr'>sive</span> <span class='ocrx_word' id='word_1_310' title='bbox 1039 4176 1214 4257; x_wconf 85' lang='lat' dir='ltr'>negotium,</span> <span class='ocrx_word' id='word_1_311' title='bbox 1239 4179 1324 4244; x_wconf 90' lang='lat' dir='ltr'>unde</span> <span class='ocrx_word' id='word_1_312' title='bbox 1360 4182 1494 4262; x_wconf 83' lang='lat' dir='ltr'>pecunia</span> <span class='ocrx_word' id='word_1_313' title='bbox 1525 4192 1565 4236; x_wconf 76' lang='lat' dir='ltr'>ca·</span> 
     </span>
     <span class='ocr_line' id='line_1_36' title="bbox 311 4269 485 4355; baseline 0.011 -23"><span class='ocrx_word' id='word_1_314' title='bbox 311 4269 402 4349; x_wconf 87' lang='lat' dir='ltr'>pitur</span> <span class='ocrx_word' id='word_1_315' title='bbox 427 4270 485 4355; x_wconf 87' lang='grc' dir='ltr'>(β).</span> 
     </span>
    </p>

    <p class='ocr_par' dir='ltr' id='par_1_14' title="bbox 313 4377 1610 4578">
     <span class='ocr_line' id='line_1_37' title="bbox 357 4377 1610 4473; baseline 0.013 -32"><span class='ocrx_word' id='word_1_316' title='bbox 357 4378 390 4457; x_wconf 86' lang='grc' dir='ltr'>υ)</span> <span class='ocrx_word' id='word_1_317' title='bbox 415 4377 454 4442; x_wconf 89' lang='grc' dir='ltr'>Ε.</span> <span class='ocrx_word' id='word_1_318' title='bbox 482 4384 542 4444; x_wconf 83' lang='grc'>539</span> <span class='ocrx_word' id='word_1_319' title='bbox 568 4382 631 4447; x_wconf 89' lang='grc' dir='ltr'>ἀπὸ</span> <span class='ocrx_word' id='word_1_320' title='bbox 656 4387 875 4463; x_wconf 84' lang='grc' dir='ltr'>κραμβοτάτου</span> <span class='ocrx_word' id='word_1_321' title='bbox 893 4388 1052 4466; x_wconf 90' lang='grc' dir='ltr'>στόματος</span> <span class='ocrx_word' id='word_1_322' title='bbox 1069 4392 1194 4468; x_wconf 90' lang='grc' dir='ltr'>μάττων</span> <span class='ocrx_word' id='word_1_323' title='bbox 1211 4394 1418 4473; x_wconf 85' lang='grc' dir='ltr'>ἀστειοτάτας</span> <span class='ocrx_word' id='word_1_324' title='bbox 1435 4389 1561 4459; x_wconf 79' lang='grc' dir='ltr'>ἐπινοίας·</span> <span class='ocrx_word' id='word_1_325' title='bbox 1609 4391 1610 4394; x_wconf 62' lang='grc'>’</span> 
     </span>
     <span class='ocr_line' id='line_1_38' title="bbox 313 4485 1610 4578; baseline 0.017 -31"><span class='ocrx_word' id='word_1_326' title='bbox 313 4485 376 4548; x_wconf 80' lang='grc'><strong>188</strong></span> <span class='ocrx_word' id='word_1_327' title='bbox 402 4485 447 4563; x_wconf 90' lang='grc' dir='ltr'>ὼς</span> <span class='ocrx_word' id='word_1_328' title='bbox 470 4485 534 4550; x_wconf 85' lang='grc' dir='ltr'>ἀπὸ</span> <span class='ocrx_word' id='word_1_329' title='bbox 558 4492 677 4565; x_wconf 85' lang='grc' dir='ltr'>μικρῶν</span> <span class='ocrx_word' id='word_1_330' title='bbox 700 4489 815 4568; x_wconf 89' lang='grc' dir='ltr'>εὔνους</span> <span class='ocrx_word' id='word_1_331' title='bbox 839 4491 927 4575; x_wconf 82' lang='grc' dir='ltr'>αὐτῷ</span> <span class='ocrx_word' id='word_1_332' title='bbox 950 4497 1179 4573; x_wconf 90' lang='grc' dir='ltr'>θωπευματίων</span> <span class='ocrx_word' id='word_1_333' title='bbox 1202 4502 1384 4578; x_wconf 88' lang='grc' dir='ltr'>γεγένησαι.</span> <span class='ocrx_word' id='word_1_334' title='bbox 1609 4499 1610 4502; x_wconf 51' lang='lat'>&#39;</span> 
     </span>
    </p>
   </div>
   <div class='ocr_carea' id='block_1_5' title="bbox 0 0 1654 5368">
    <p class='ocr_par' dir='ltr' id='par_1_15' title="bbox 0 0 1654 5368">
     <span class='ocr_line' id='line_1_39' title="bbox 0 0 1654 5368; baseline 0 4"><span class='ocrx_word' id='word_1_335' title='bbox 0 0 1654 5368; x_wconf 95' lang='lat' dir='ltr'> </span> 
     </span>
    </p>
   </div>
  </div>
 </body>
</html>
