3326 5372
846 475 1044 536 -196-

312 635 399 717 quod
411 656 430 702 e
441 637 590 702 codicum
605 636 890 719 leotiouelougius
907 639 1008 716 ebed,
1026 640 1058 706 in
1083 642 1146 709 hae
1167 644 1304 730 insuper
1318 656 1388 724 svs
1414 645 1576 718 offensioni

312 747 374 807 est
387 741 456 808 ,Sed
479 761 515 807 re
539 761 617 808 vera
632 762 672 826 ne
688 741 849 810 Dindorfii
865 744 994 825 quidem
1013 751 1201 818 emendatio
1216 757 1350 836 probari
1371 770 1492 848 polest.
1509 761 1581 858 Quo

313 851 399 915 enim
425 867 524 915 sensu
547 852 634 927 παρὰ
655 850 766 915 πεδίον
789 849 992 916 δδοιπλανεῑν
1023 855 1248 938 accipiendum
1273 869 1341 934 esu
1364 873 1477 942 Nonne
1503 888 1578 956 ,per

312 956 479 1037 planitiem
505 953 657 1021 errare“?
681 955 725 1019 At
746 955 800 1020 hic
825 957 1083 1038 praepositionis
1101 981 1187 1034 usus
1210 971 1261 1049 (ut
1278 969 1478 1064 idemquo'd
1506 985 1577 1048 κατά

312 1060 488 1145 significet)
513 1061 553 1126 ab
577 1060 695 1128 Atticis
720 1061 847 1127 alienus
871 1060 1003 1129 videtur
1025 1085 1131 1149 neque
1153 1070 1252 1142 leeile
1272 1082 1337 1148 nisi
1357 1089 1449 1169 sputi
1472 1093 1577 1156 reten-

310 1169 414 1234 tiones
439 1176 557 1251 poetas
590 1167 873 1251 reperiturfflau.
897 1189 928 1251 p.
955 1171 1020 1255 65).
1052 1173 1238 1247 Eudemus
1265 1197 1366 1256 ceusu
1391 1197 1476 1277 apud
1501 1193 1577 1260 mu-
1647 1182 1648 1214 ¹

310 1275 459 1358 cydidem
475 1277 576 1351 6,,32,
593 1279 608 1339 l
626 1279 785 1354 κρατῆρας
808 1277 1003 1356 περάσαντες
1025 1279 1099 1358 παρ’
1122 1283 1209 1352 ἅπαν
1230 1293 1267 1356 τὸ
1291 1301 1485 1381 στράτευμα,
1501 1303 1577 1384 quod

310 1383 409 1468 vulgo
433 1387 566 1448 vertunt
589 1401 670 1464 „per
692 1387 796 1448 totum
820 1383 1023 1450 διαδίδοταί
1050 1389 1207 1468 (salnes.
1220 1415 1253 1464 v.
1268 1399 1322 1480 VI,
1339 1419 1370 1486 pz
1386 1405 1476 1496 196),
1491 1425 1577 1492 pree·
1646 1411 1647 1416 ’

311 1490 508 1573 positionem
533 1491 689 1554 usitatam
712 1489 777 1553 vim
803 1508 895 1555 suam
910 1490 1072 1578 („iuxte“)
1085 1499 1240 1569 retinere·
1256 1497 1418 1579 existimo:
1437 1533 1514 1582 nam
1531 1517 1578 1602 qui

309 1599 471 1673 spumeus
495 1595 712 1672 ἐκεράννυσαν
747 1599 840 1660 extra
864 1597 1042 1664 exercitum
1078 1607 1211 1673 stetisse
1234 1619 1373 1694 putandi
1397 1627 1485 1688 sunt.
1522 1620 1576 1688 Hic

308 1699 390 1767 mihi
413 1699 553 1766 forsitan
586 1700 706 1781 aliquis
740 1707 885 1784 opponat
906 1705 965 1770 Av.
990 1707 1058 1771 244·
1077 1709 1181 1791 ἑλείας
1204 1719 1277 1796 παρ’
1302 1723 1577 1808 aululae-sprc-

310 1813 368 1887 δας
393 1809 534 1888 κάπτετε,
559 1809 646 1889 quod
681 1809 864 1875 Brunckius
888 1813 987 1877 vertit
1011 1815 1065 1894 „in
1101 1820 1270 1897 paludosis
1293 1831 1434 1898 vallibus
1460 1837 1576 1901 culices

309 1915 510 1981 devoratis“.
546 1913 609 1981 Sed
634 1915 747 1997 quidni
781 1918 1048 2000 interpretemur:
1074 1925 1185 2004 „iuxta
1212 1931 1285 1997 loca
1309 1943 1448 2019 angusta
1475 1949 1509 2008 et
1530 1962 1576 2024 pe-

309 2020 491 2095 lustria“,i.
506 2038 609 2088 enon
636 2023 670 2087 in
693 2023 776 2104 ipsis
799 2025 985 2113 paludibus
998 2029 1056 2093 sed
1081 2031 1251 2101 insanum
1276 2039 1574 2125 ripiapraesertin

310 2147 382 2194 cum
409 2127 519 2202 Suida,
545 2128 634 2194 hunc
657 2131 714 2194 Ar.
729 2131 840 2196 locum
864 2134 934 2199 sine
963 2134 1063 2200 dubio
1086 2141 1280 2224 respiciens,
1306 2148 1410 2228 ἑλείας
1433 2153 1575 2232 αὐλῶνος

309 2236 374 2301 dici
409 2234 520 2298 tradat
553 2236 611 2313 τὰς
646 2237 774 2322 ἑλώδεις
809 2240 975 2319 διώρυχας,
1000 2241 1020 2304 1.
1046 2261 1075 2307 e.
1107 2244 1211 2314 fossus
1248 2252 1421 2331 paludibus
1456 2259 1575 2324 similes

309 2346 352 2426 (v.
377 2343 474 2406 Thes.
498 2363 526 2406 v.
552 2341 613 2420 Ill,
637 2361 668 2423 p.
694 2341 922 2427 loidi-Quid
946 2347 1046 2430 igitur
1070 2353 1205 2434 scripsit
1228 2359 1486 2442 Aristophanes?
1519 2367 1575 2431 Διὰ

310 2450 496 2527 Καϋστρίων
529 2449 657 2526 πεδίων,
683 2451 806 2530 opinor:
831 2453 1017 2532 genetivum
1050 2459 1135 2524 enim
1162 2467 1303 2530 omnium
1329 2469 1479 2534 codicum
1506 2476 1574 2538 con-

308 2573 424 2620 sensus
459 2559 578 2630 tuetur,
601 2555 746 2636 itemque
782 2559 832 2621 διά
864 2561 1140 2640 praepositionem
1165 2548 1298 2648 praeter
1322 2571 1423 2654 Ram,
1439 2579 1574 2658 apertis·

308 2665 389 2728 sime
414 2663 447 2726 in
471 2680 585 2727 errore
609 2669 806 2742 versantem,
825 2666 927 2730 ceteri
945 2684 1058 2734 omnes
1077 2673 1189 2754 (atque
1206 2677 1304 2742 etiam
1323 2681 1443 2747 lemma
1461 2685 1573 2750 scholii

305 2772 411 2852 ipsius
446 2770 540 2852 Rev.)
557 2771 628 2835 sine
653 2771 835 2837 variatione
853 2773 919 2838 ulla
944 2777 1106 2843 eshibent.
1142 2782 1326 2864 Atquettd
1351 2807 1451 2856 sensu
1481 2795 1572 2875 ,ped

305 2881 362 2942 dr.
388 2876 511 2942 dixisse
549 2879 614 2944 iam
639 2893 739 2958 supra
762 2880 903 2946 vidimus
928 2885 973 2964 (p.
1007 2890 1067 2948 117
1092 2889 1167 2970 sq.);
1185 2890 1351 2969 ¹pluralem
1377 2904 1490 2964 autem
1522 2918 1573 2965 nu·

306 3001 437 3048 suerum*
459 2984 556 3048 huius
580 2985 729 3050 vocabuli
754 2983 862 3051 etiam'
878 2989 954 3053 alibi
978 3009 1116 3072 prorsus
1150 2998 1262 3062 eodem
1290 3017 1398 3082 sensu,
1424 3025 1492 3087 quo
1516 3009 1574 3073 sin-

306 3091 466 3173 gularem,
480 3092 626 3173 positum
651 3091 845 3175 invenimus,
866 3101 902 3161 ut
925 3103 958 3161 et
982 3095 1135 3166 Ἠλύσιον
1157 3107 1267 3171 πεδίον
1285 3109 1405 3175 dicitur
1430 3119 1464 3177 et
1491 3112 1573 3180 Ἠλύ-

307 3215 363 3263 σια
387 3199 490 3276 πεδία;
513 3197 655 3265 fortasse
688 3207 799 3264 autem
835 3203 975 3284 pluralis
1007 3207 1052 3269 its
1076 3209 1287 3289 explicandus
1312 3223 1373 3296 est,
1398 3225 1435 3282 ut
1459 3237 1501 3285 eo
1524 3219 1573 3283 alii

307 3324 436 3388 quoque
475 3307 591 3388 campi,
618 3306 767 3388 Caystrio
804 3309 940 3390 similes,
964 3312 1185 3395 designemus
1212 3321 1272 3400 qui·
1291 3341 1382 3403 usus,
1407 3326 1441 3390 in
1465 3345 1572 3408 perso·
1648 3307 1649 3326 ³

305 3430 421 3476 narum
446 3409 631 3478 nominibus
666 3415 879 3497 frequentior,
904 3418 1068 3485 interdum
1092 3423 1125 3487 in
1150 3425 1295 3491 locorum
1322 3447 1451 3513 quoque
1475 3433 1573 3500 nomi·

306 3519 401 3584 nibus
425 3519 590 3584 invenitur
614 3519 666 3602 (cf.
690 3522 748 3586 Kr.
773 3523 797 3602 I,
823 3528 875 3602 44,
902 3529 931 3603 3,
958 3527 1002 3608 7),
1027 3534 1070 3592 ut
1087 3529 1165 3596 Her.
1193 3537 1220 3603 3,
1239 3535 1301 3598 160
1326 3519 1571 3621 δέκαΒαβυλῶ·

192 3615 195 3622 ’
305 3647 367 3704 νες.
393 3626 583 3709 PlatReip.
603 3629 666 3692 387
691 3629 716 3692 B
740 3633 778 3694 τὰ
802 3633 872 3708 περὶ
894 3636 992 3698 ταῦτα
1017 3633 1393 3720 ὀνόματα-ἀποβλητέα,
1410 3647 1573 3723 Κωκυτούς
1649 3697 1650 3708 ,

191 3747 193 3751 ’
304 3755 337 3797 τε
373 3736 423 3798 καὶ
458 3735 580 3811 Στύγας
617 3739 668 3800 καὶ
696 3737 836 3815 ἐνέρους.
863 3737 1009 3805 Similem
1035 3761 1129 3805 usum
1155 3745 1187 3808 in
1213 3745 1330 3812 Latino
1355 3768 1484 3834 quicque
1511 3773 1572 3819 ser·
1649 3755 1650 3766 *

303 3855 399 3906 mone
435 3841 709 3922 deprehendimus
741 3843 881 3924 (Kuehn.
907 3847 949 3926 ll,
974 3865 1004 3928 p.
1028 3849 1093 3928 51),
1119 3857 1156 3914 ut
1179 3851 1296 3919 catull.
1322 3860 1375 3934 45,
1400 3861 1441 3921 22
1467 3859 1573 3943 Syrias
1649 3857 1650 3892 ³

304 3948 568 4030 Britanniasque.
594 3949 692 4031 Prop.
719 3957 736 4014 3
761 3951 820 4034 (2),
848 3957 899 4030 16,
927 3957 966 4016 10
992 3955 1073 4020 alies
1097 3957 1236 4040 Illyrias.
1263 3962 1453 4039 Queruntur
1477 3969 1572 4050 igitur

303 4055 413 4137 legati,
424 4057 546 4121 misere
570 4075 606 4121 se
630 4057 805 4124 afflictetos
830 4077 913 4138 esse,
930 4079 1005 4125 cum
1028 4081 1088 4143 per
1113 4081 1261 4146 campum
1287 4069 1472 4153 Caystrium
1498 4076 1571 4138 alia·

304 4178 366 4244 que
392 4163 464 4227 loca
488 4165 720 4231 amoenissima
755 4168 956 4245 oberrarent,
982 4172 1068 4250 quod
1097 4173 1129 4236 in
1155 4176 1297 4253 patrium
1324 4177 1506 4246 sermonem
1532 4184 1571 4246 ita

303 4269 471 4333 verterim:
497 4287 599 4350 ,sors
623 4289 672 4335 un
696 4291 931 4354 Myrsinos-ro,
945 4278 1142 4356 possessas
1160 4299 1202 4345 no
1218 4301 1375 4362 pessmus
1393 4285 1570 4369 liancrpiit·

304 4393 414 4438 onnus
449 4381 680 4455 pasnnnans“.
716 4379 844 4460 Restat,
868 4387 906 4446 ut
929 4385 1074 4464 doceam,
1099 4393 1183 4452 unde
1220 4391 1307 4468 παρά
1330 4391 1371 4456 in·
1389 4391 1466 4459 Rev.
1492 4395 1568 4458 irre·

302 4481 410 4561 psisse
434 4481 627 4551 existimem.
659 4485 740 4550 Cum
765 4489 815 4552 διύ
837 4495 868 4552 et
891 4493 977 4568 παρά
1014 4493 1104 4557 nullo
1131 4501 1227 4576 pacto
1253 4497 1404 4563 conlundi
1435 4501 1568 4582 possint,
1644 4486 1648 4507 ¹

301 4596 382 4670 puto
418 4591 597 4664 librarium,
625 4595 729 4660 oculis
765 4597 971 4663 aberrantem
1006 4601 1040 4666 in
1063 4621 1092 4665 v.
1120 4605 1171 4681 72,
1195 4604 1270 4669 inde
1305 4609 1391 4686 παρά
1418 4607 1453 4673 in
1477 4628 1506 4673 v.
1531 4607 1569 4670 68

301 4697 521 4765 transtulisse.
561 4701 607 4766 cf.
633 4719 715 4789 quae
740 4701 823 4767 infra
848 4704 896 4786 (in
920 4709 1004 4789 περί)
1027 4708 1176 4775 dicentur
1200 4712 1239 4776 de
1264 4713 1310 4779 Pl.
1339 4720 1434 4780 1131.
