3298 5368
639 463 817 524 ..97-

118 629 174 694 Fr.
203 633 279 707 699,
302 633 322 693 2
347 631 471 710 ῥήματά
493 649 527 694 τε
562 632 671 708 κομψὰ
705 631 756 695 καὶ
784 630 905 709 τρίμμ’,
934 629 1141 694 ἐπιδεικνύναι
1157 701 1160 708 A
1174 626 1266 696 πάντ’
1303 624 1356 697 ἀπ’

78 740 293 817 ἀκροφυσίων
317 738 400 802 κάπὸ
425 733 684 816 καναβευμάτων.
1337 722 1340 734 '

120 846 152 925 b)
179 846 220 914 P.
248 847 332 909 1205
356 844 413 923 ἀφ’
438 843 737 921 τάν-ἀπεδόμεσθα
761 843 997 920 κάκερδάναμεν
1018 846 1056 910 τὰ
1080 848 1169 921 δῶρα
1192 845 1280 908 ταυτί
1303 859 1356 908 σοι

80 955 224 1030 φέρομεν
258 970 316 1032 ,εκ
340 951 392 1025 iis,
419 969 501 1032 quoe
535 949 743 1014 vendidimus
779 956 820 1040 et
835 950 921 1014 unde
942 949 1073 1028 ducrum
1097 949 1246 1028 fecimus
1270 950 1356 1036 dona

81 1061 175 1122 haece
203 1059 266 1122 tibi
290 1059 460 1124 ferimus“.

122 1167 177 1231 λν,
206 1169 272 1229 833
296 1164 387 1244 ὄρνις
410 1165 467 1245 ἀφ’
495 1163 596 1243 ἡμῶν.

122 1271 172 1336 Fr.
202 1278 278 1351 149,
304 1277 413 1337 9-10
437 1273 623 1349 Σαννυρίων
659 1271 723 1336 ἀπὸ
758 1276 823 1335 τῶν
845 1274 1030 1354 τραγῳδῶν,
1055 1271 1119 1336 ἀπὸ
1142 1273 1178 1334 δὲ
1193 1275 1356 1348 -τραγικῶν

88 1386 184 1456 χορῶν
212 1381 372 1458 Μέλητος,
397 1381 460 1444 ἀπὸ
484 1381 519 1442 δὲ
543 1383 607 1442 τῶν
632 1378 953 1456 κυκλίωνλινησίας.
1180 1443 1186 1451 ,

121 1490 151 1567 c)
172 1488 221 1549 A.
246 1491 309 1551 999
347 1488 534 1564 ἀλείφεσθαι
570 1483 623 1550 ἀπ’
659 1485 766 1550 αὐτῶν
801 1490 858 1566 (ε
875 1485 1025 1568 ἐλᾴδων),
1051 1485 1072 1548 i.
1098 1503 1127 1550 e.
1150 1486 1230 1563 olen„
1250 1489 1291 1553 ab
1315 1486 1357 1550 iis

85 1605 224 1674 sumpte.
870 1645 873 1652 .

120 1699 162 1764 V.
189 1705 255 1766 670
280 1701 633 1777 δωροδοκοῦσιν-»άπὸ
657 1704 722 1767 τῶν
744 1702 881 1773 πόλεων,
907 1699 963 1764 uhi
997 1707 1122 1764 temere
1151 1699 1357 1783 Hamakerus

82 1810 162 1885 παρά
186 1808 321 1889 reponit
344 1809 440 1888 eique
477 1808 642 1872 consentit
676 1807 906 1872 Baehmennus
934 1825 967 1888 p.
994 1811 1066 1882 130,
1092 1807 1177 1888 quod
1200 1826 1259 1890 per
1281 1827 1357 1888 per·

82 1931 176 1978 sonae
202 1913 369 1980 fictionem
394 1922 531 1996 propter
555 1934 606 1992 eo,
632 1933 715 1995 quae
741 1920 934 1996 sequuntur,
953 1930 989 1978 se
1014 1913 1162 1978 seribere
1186 1913 1285 1980 malle
1309 1914 1357 1980 di·

81 2027 177 2086 eeret.
219 2019 290 2102 Ego
326 2020 422 2084 aliter
457 2019 576 2084 sentio.
614 2019 707 2096 Nem,
733 2020 796 2082 etsi
821 2017 901 2084 alibi
929 2019 985 2082 dr.
1010 2019 1131 2102 aliique
1151 2019 1191 2082 de
1215 2036 1358 2100 persona

83 2130 278 2203 δωροδοκεῖν
311 2130 399 2204 παρά
420 2147 507 2204 τινος
531 2127 656 2200 dieunt,
679 2127 798 2207 potuit.
827 2137 940 2196 tomen
963 2126 1062 2190 etiam
1087 2126 1150 2190 ἀττά
1175 2126 1295 2199 dicere,
1320 2134 1356 2188 ut

70 2233 175 2298 *verbo
203 2235 373 2312 μανθάνειν
398 2241 431 2298 et
452 2238 541 2312 παρά
566 2240 600 2298 et
625 2234 688 2298 ἀπό
713 2233 890 2314 subiungit.
907 2231 971 2296 Sed
995 2233 1076 2298 nihil
1101 2251 1183 2314 opus
1208 2239 1260 2296 est
1282 2250 1358 2317 per·

84 2357 177 2404 sonae
214 2339 379 2406 fictionem
417 2346 573 2406 statuere.
613 2341 728 2406 Potuit
762 2341 847 2404 enim
881 2339 915 2404 in
939 2360 969 2403 ν.
996 2343 1059 2406 670
1089 2341 1198 2416 πόλεις
1221 2339 1356 2422 proprio

83 2463 177 2512 sensu
204 2466 327 2528 ponere
355 2447 409 2529 (ef.
431 2448 470 2515 E.
496 2451 562 2512 894
586 2451 786 2544 δωροδοκεῖν
809 2449 844 2512 ἐκ
868 2447 1077 2528 Μυτιλήνης),
1093 2446 1128 2510 in
1144 2446 1357 2528 sequentibus

83 2553 231 2622 versibus
253 2555 294 2620 de
318 2555 436 2620 incolis
472 2573 584 2619 eorum
622 2555 794 2620 ciuitatum
828 2572 925 2636 agere
958 2554 1172 2620 enotissimo
1196 2572 1260 2620 usu
1285 2553 1356 2633 (Kr.

84 2656 107 2734 1,
131 2665 181 2736 ss,
210 2667 241 2744 4,
266 2664 309 2745 2).
764 2730 767 2738 ,
854 2737 857 2742 Δ

124 2767 158 2834 L.
185 2771 250 2833 584
274 2771 338 2837 ἀπὸ
362 2770 486 2833 τούτων
508 2771 640 2833 πάντων
664 2772 701 2832 τὸ
727 2770 869 2846 κάταγμα
892 2769 1061 2848 λαβόντας.
1166 2843 1169 2850 Ι

124 2876 156 2962 d)
184 2878 242 2942 Αν.
268 2883 330 2942 375
368 2877 421 2942 ἀπ’
457 2878 729 2956 ἑχθρῶν--πολλὰ
762 2878 992 2954 μανθάνουσιν.
1027 2877 1091 2939 382
1116 2876 1210 2954 μάθοι
1233 2877 1295 2952 γὰρ
1319 2875 1358 2940 ἄν

85 3002 125 3060 τις
148 2986 232 3050 κάπὸ
256 2991 321 3051 τῶν
345 2986 469 3064 ἐχθρῶν
503 2984 623 3061 σοφόν,
648 2983 689 3046 de
726 3000 791 3062 quo
815 3003 845 3046 ν.
869 2982 1021 3064 Blaydes.
1046 2987 1080 3044 et
1104 2980 1302 3048 Beehmnnn.
1325 3001 1358 3068 p.

89 3091 143 3152 127
182 3111 240 3172 ειν,
277 3092 332 3172 qui
367 3090 486 3154 Koekii
525 3087 752 3154 coniecturam
788 3090 839 3152 καί
872 3110 899 3152 τι
922 3087 1055 3154 refellit.
1087 3087 1205 3153 Obiter
1229 3106 1358 3163 moneo,

87 3197 177 3264 iuius
204 3199 412 3264 coniecturae
434 3196 683 3261 fundamentum
709 3195 742 3258 in
767 3213 853 3275 aqua
876 3201 914 3258 ut
936 3195 1031 3258 aiunt
1052 3195 1199 3276 positum
1224 3213 1311 3276 esse,
1330 3196 1358 3260 si

87 3304 176 3368 nodo
200 3325 312 3370 verum
349 3312 409 3380 est,
435 3304 521 3385 quod
546 3302 749 3384 ⁴Blupdesius
773 3302 813 3366 de
838 3301 1038 3370 Ravennatis
1067 3304 1234 3382 scriptura
1258 3320 1359 3379 anno-

86 3412 175 3475 tavit:
199 3414 295 3495 vulgo
321 3413 406 3476 enim
433 3432 450 3475 e
473 3410 614 3475 Bekkeri
639 3411 813 3476 corrutione
837 3409 997 3490 putabant
1019 3408 1055 3472 in
1078 3409 1156 3472 Rev.
1171 3432 1221 3474 και
1245 3429 1359 3474 enara-

87 3523 150 3582 tum
176 3538 261 3598 esse;
286 3526 320 3583 at
343 3519 537 3600 Bleydesius
562 3518 780 3582 disertissime
814 3522 968 3596 testetur,
991 3516 1037 3580 ibi
1061 3514 1087 3580 κ’
1111 3517 1173 3582 ἀπό
1198 3519 1358 3600 seriptum

88 3621 231 3692 inveniri.

127 3732 212 3816 2)A
242 3753 306 3816 quo
342 3753 403 3800 usu
437 3735 584 3814 proxime
624 3733 653 3796 is
685 3733 787 3810 abest,
813 3732 943 3812 quando
969 3732 1174 3813 praepositio
1195 3735 1357 3794 auctorem

90 3835 223 3908 alieuius
254 3842 305 3908 rei
340 3840 511 3922 signifieat.
539 3842 559 3906 ι.
585 3860 614 3906 e.
638 3836 741 3912 illurn,
766 3858 785 3901 a
810 3856 873 3919 quo
909 3837 1036 3918 aliquid
1063 3836 1284 3917 proficiscitur
1309 3837 1356 3920 (i

90 3945 263 4031 velaque
287 3949 407 4030 aliquis
432 3949 540 4028 aliquo
566 3947 663 4015 modo
688 3944 832 4012 et'fioitur
854 3943 869 4030 (
891 3945 915 4024 ).

130 4057 159 4134 a)
180 4057 238 4124 Ao.
264 4060 326 4120 706
351 4059 632 4132 πάντα-θνητοῖς
647 4056 742 4124 ,ἐστιν
766 4052 822 4130 ἀφ’
845 4052 1022 4131 ἡμῶν-τά
1050 4055 1190 4131 μέγιστα.

130 4158 164 4230 L.
189 4166 251 4228 398
286 4161 402 4228 τοιαῦτ’
441 4161 503 4232 ἀπ’,
527 4163 633 4228 αὐτῶν
661 4162 748 4226 ἐστιν
773 4159 1053 4238 ἀκολαστάσματα.
1079 4163 1143 4224 406
1163 4156 1280 4223 τοιαῦτ’
1304 4155 1357 4222 ἀπ’

93 4264 191 4333 αὐτῶν
216 4272 383 4349 βλαστάνει
409 4269 618 4348 βουλεύματα.
647 4268 776 4330 ost-8
801 4267 865 4330 ἀτιὸ
889 4269 1079 4330 τοῦ-τουτὶ
1101 4267 1138 4329 τὸ
1162 4266 1260 4334 κακὸν
1284 4265 1357 4356 ὑμῖν

93 4373 242 4454 trinodem
267 4377 340 4442 ἀπὸ.
354 4375 476 4452 Πανός
1219 4437 1222 4446 ,
1255 4430 1257 4440 .

29 4475 31 4538 λ
133 4478 177 4544 Pl.
201 4487 263 4548 100
286 4482 496 4550 ἴστον--τάπ>
530 4483 621 4561 ἐμοῦ,
646 4479 732 4561 quod
767 4479 854 4544 idem
890 4479 958 4547 iere
993 4479 1123 4544 videtur
1159 4495 1238 4552 esse,
1256 4497 1298 4544 oo
1316 4481 1364 4547 τὰ·

96 4583 155 4656 ἐλάε
177 4590 262 4654 houd
286 4609 361 4654 raro
387 4591 472 4653 enim
507 4589 570 4652 ἀπό
602 4607 688 4665 τινος
714 4586 845 4662 dieitur,
873 4587 929 4650 ubi
953 4586 1059 4656 nudus
1083 4585 1253 4666 genetivus
1278 4584 1355 4666 poni

1231 4695 1248 4750 7
