3328 5370
834 468 1011 527 ..74-.

334 635 369 699 Ρ.
394 637 459 698 443
486 636 607 698 ἐκτῶν
630 632 815 710 ὀλεκράνων
840 633 949 710 ἀκίδας
974 632 1208 710 ἐξαιρούμενον.

333 739 392 806 Th.
419 744 478 803 511
508 740 687 806 ἐξέσπασεν
712 739 746 802 ἐκ
769 741 827 801 τοῦ
849 739 1011 815 στόματος
1034 739 1072 802 τὸ
1095 738 1216 816 κηρίον.

331 846 368 910 R.
394 851 458 911 646
483 847 518 910 ἐκ
539 849 597 923 τῆς
620 845 972 923 γνάθου-μούξέκοψε
988 846 1065 921 τοὺς
1088 845 1208 923 χοροὺς
1230 845 1307 922 τοὺς
1330 844 1521 922 προσθίους.

331 953 383 1020 Fr.
409 956 487 1031 410,
512 953 755 1028 2·ἐκλε’γει-ἐκ
777 954 835 1015 τοῦ
859 953 982 1028 γενείου
1006 952 1211 1028 τὰς-πολιάς.

332 1060 406 1125 Huc
428 1060 571 1125 fortasse
599 1059 743 1139 pertinet

330 1167 382 1234 Fr.
410 1168 461 1242 29,
490 1170 504 1226 1
533 1164 642 1244 ὀσφὺν
666 1164 694 1228 δ’
719 1166 751 1230 ἐξ
774 1164 883 1242 ἀκρων
906 1165 1130 1242 διακίγκλισον,
1162 1163 1218 1227 αλλ
1243 1163 1358 1230 Ketis:
1384 1165 1488 1246 „quid
1505 1165 1560 1229 hic

286 1274 332 1338 sit
353 1275 386 1339 ἐξ
410 1272 529 1351 ἀκρων,
553 1290 619 1337 non
642 1271 810 1353 intellego.
834 1270 974 1335 Videtur
997 1271 1173 1352 scripsisse
1202 1271 1235 1337 ἐξ
1257 1271 1402 1350 opnor.

329 1381 363 1462 g)
387 1379 498 1444 Panos
523 1380 670 1459 exempla
695 1385 836 1458 exstant,
869 1378 903 1442 in
938 1376 1056 1458 quibus
1088 1378 1291 1458 praepositio
1326 1396 1402 1442 eum
1439 1383 1557 1444 neutro

285 1504 406 1567 genere
429 1486 584 1551 adieetivi
609 1487 665 1552 rel
687 1485 895 1568 pronominis
930 1484 1106 1549 coniuncta
1130 1490 1191 1552 est.

329 1592 368 1656 N.
394 1595 434 1656 33
460 1594 603 1671 ἐξήλικας
627 1594 682 1671 ἐμέ
699 1591 735 1669 γ’
760 1594 883 1656 ἐκτῶν
906 1592 1003 1670 ἐμῶν.

329 1699 367 1764 R.
395 1702 479 1763 1298
505 1700 549 1777 εἰς
571 1701 609 1762 τὸ
633 1701 733 1764 καλὸν
756 1701 791 1764 ἐκ
813 1701 870 1762 τοῦ
896 1701 994 1762 καλοῦ
1030 1699 1166 1776 ἤνεγκον
1189 1698 1280 1766 αὐτά.
1316 1701 1400 1762 1333
1434 1696 1560 1777 ὄνειρον

287 1807 417 1886 πέμπεις
441 1809 473 1873 ἑξ
496 1808 656 1885 ἀφανοῦς.

328 1912 388 1978 Ee.
414 1916 476 1976 671
505 1909 614 1991 ἕτερον
638 1912 871 1995 (ίμάτιον)-ἐκ
893 1916 949 1975 τοῦ
976 1915 1288 1991 κοινοῦ-κομιεῐται,

328 2020 364 2104 λι)
388 2019 467 2085 Oum
492 2021 644 2102 genetivo
669 2019 790 2099 plurali
814 2037 976 2100 personae
1001 2020 1176 2084 coniuncta
1205 2020 1411 2101 praepositio
1436 2020 1558 2084 exitum

286 2126 413 2191 indicat
435 2145 500 2192 non
526 2144 565 2190 ex
589 2125 802 2190 interioribus
826 2126 1085 2206 uniuscuiusque
1108 2126 1263 2205 hominis,
1280 2127 1337 2191 sed
1351 2145 1391 2191 en
1406 2127 1559 2192 univorsa

284 2233 494 2297 multitudine
519 2233 651 2308 lactum
677 2249 737 2296 nee
761 2251 836 2296 roro
860 2234 967 2315 gentis
999 2249 1119 2297 nomen
1153 2251 1212 2314 pro
1241 2240 1340 2312 terra,
1378 2251 1476 2315 quam
1511 2233 1558 2296 in-

283 2340 373 2419 colit,
394 2339 539 2421 ponitur.
571 2338 673 2403 Cuius
702 2357 782 2403 usus
816 2340 964 2421 exempla
989 2339 1068 2422 (tria
1090 2340 1142 2404 vel
1178 2347 1343 2420 quattuor,
1369 2340 1398 2405 si
1423 2341 1486 2404 hnc
1522 2339 1556 2402 l.

289 2450 374 2510 1000
398 2443 536 2527 referas)
559 2445 647 2524 apud
670 2445 726 2508 Ar.
751 2451 890 2510 exstant:

328 2552 371 2618 A.
397 2556 460 2617 916
485 2553 608 2618 ἐκτῶν
631 2553 790 2630 πολεμίων
814 2553 952 2630 εἰσάγεις
977 2555 1159 2632 Θρυαλλίδα.

327 2659 367 2724 Ε.
392 2663 457 2724 479
480 2659 539 2725 τάκ
565 2660 714 2724 Βοιωτῶν
737 2660 977 2738 συντυρούμενα
992 2679 1095 2741 „quae
1109 2681 1126 2725 e
1140 2660 1554 2728 Boeotismaehinamini“·.

329 2766 365 2829 P.
380 2768 477 2829 ·1003
502 2765 560 2830 κάκ
586 2767 953 2844 Βοιωτῶν-φέροντας.

327 2875 362 2956 2)
384 2873 489 2938 Multo
514 2872 623 2936 rarius
648 2873 682 2935 ἐκ
706 2873 950 2954 praepositione
974 2873 1138 2940 indicatur
1163 2873 1288 2958 aliquid
1312 2875 1352 2940 ab
1383 2873 1553 2941 sarmat-

286 2978 344 3042 ἀπα
369 2980 419 3044 rei
442 2979 592 3060 partibus
617 2980 787 3056 removeri,
812 2999 895 3062 quae
919 2982 1053 3062 propria
1076 2983 1126 3047 vis
1148 2989 1202 3047 est
1214 2983 1277 3048 ἀπό
1291 2981 1553 3066 praepositionis

283 3087 339 3151 ubi
363 3105 423 3152 nos
450 3088 531 3166 „eost
558 3087 671 3152 disere
695 3089 851 3153 solemus.
877 3089 972 3154 Hune
996 3109 1091 3154 usum
1116 3091 1165 3154 ita
1199 3095 1326 3155 tannim
1361 3089 1550 3172 Aristopha-

281 3212 354 3258 nem
379 3194 552 3259 admisisse
577 3195 624 3260 ait
647 3195 778 3259 Baehm.
804 3195 849 3278 (p.
878 3195 964 3278 138),
990 3201 1027 3258 ut
1050 3197 1176 3277 aliquid
1209 3197 1273 3277 ipsi
1307 3196 1358 3261 rei
1381 3198 1550 3263 inhaerere

281 3301 454 3382 regitestum
480 3301 532 3367 sin
554 3303 674 3381 minus,
699 3304 861 3385 tragicum
886 3303 1030 3384 aliquem
1064 3303 1205 3368 derideri
1233 3304 1445 3368 statuendum
1468 3320 1551 3368 esse.

323 3409 361 3471 Δ.
380 3405 451 3473 '574
474 3408 602 3486 γοργόν
624 3409 783 3487 ἐξήγειρεν
806 3411 840 3473 ἐκ
862 3413 921 3472 τοῦ
946 3409 1119 3488 σάγματος,
1146 3412 1230 3475 1181
1257 3410 1368 3492 (quem
1402 3431 1431 3479 v.
1457 3409 1550 3474 Mein.

280 3515 313 3579 in
336 3516 517 3596 marginem
541 3516 672 3595 reiecit)
695 3516 827 3594 γοργόν’
853 3517 1011 3593 ἐξήγειρεν
1035 3518 1070 3582 ἐκ
1092 3522 1149 3595 τῆς
1185 3517 1332 3595 ἀσπίδοςε
1368 3517 1402 3584 in
1436 3516 1550 3599 quitos

214 3681 216 3688 ,
280 3621 439 3702 exemplis
465 3629 497 3684 et
520 3623 681 3703 tragicum
706 3640 811 3703 genus
835 3621 966 3686 dicendi
988 3623 1156 3688 deridetur
1181 3629 1214 3686 et
1237 3621 1425 3704 Gorgonem
1448 3621 1548 3703 clipeo

279 3725 464 3794 inhaesisse
489 3727 668 3808 putandum
693 3733 754 3793 est:
780 3729 814 3793 ἐν
835 3731 870 3792 δὲ
885 3734 921 3810 τῇ
940 3729 1049 3794 ἀσπίδι
1065 3729 1242 3794 ἐτετιίπωτο
1260 3731 1279 3807 ὴ
1297 3731 1428 3808 Γοργών
1448 3727 1550 3813 (κολα).

324 3833 373 3899 Pl.
398 3837 416 3897 9
442 3837 615 3919 Θεσπιωδεῑ
637 3835 787 3913 τρίποδος
811 3837 846 3900 ἐκ
869 3837 1085 3915 χρυσηλάτου,
1109 3833 1151 3900 de
1176 3853 1238 3916 quo
1266 3854 1363 3902 versu
1386 3836 1550 3914 Bokehuy·

279 3959 348 4006 zen.
373 3960 404 4022 p.
432 3943 506 4003 183:
530 3958 659 4023 „neque
683 3946 855 4027 θεσπιῳδεῖ
878 3942 1070 4023 scripsisset
1100 3943 1167 4022 Ar„
1202 3959 1307 4025 nsque
1345 3944 1495 4022 τρίποδος
1517 3942 1548 4004 ἐκ

277 4069 326 4128 χρ.
351 4047 545 4126 addidisset,
569 4047 634 4112 nisi
658 4055 735 4115 ante
771 4047 889 4114 oeulos
927 4049 957 4114 ei
993 4048 1184 4116 obversatus
1223 4054 1314 4116 esset
1348 4068 1464 4117 versus
1487 4055 1548 4115 trs-

279 4153 406 4236 gieus“.

324 4262 362 4328 In
386 4265 423 4326 A.
452 4265 535 4326 1103
555 4263 759 4340 4ἔνεγκε--τω
782 4266 891 4342 πτερὼ
913 4265 958 4328 τὼ
982 4260 1011 4326 ’κ
1034 4266 1091 4327 τοῦ
1116 4265 1256 4342 κράνους
1280 4269 1314 4328 et

322 4370 375 4437 Fr.
404 4373 463 4434 157
489 4371 546 4447 τὴν
570 4373 692 4449 μάλθαν
717 4372 838 4436 ἐκτῶν
869 4371 1089 4449 γραμματείων
1120 4371 1235 4448 ἤσθιον

278 4477 369 4543 violes
392 4495 463 4543 rem
486 4478 537 4541 rei
560 4478 796 4544 inhaerentem.
