3326 5372
817 487 1015 550 -210-

287 657 371 723 sovii
394 656 455 720 lex.
479 655 524 732 II,
549 657 578 734 2,
603 672 634 735 p.
661 657 745 716 2112
771 654 815 734 a),
832 657 901 718 turn
925 653 1045 726 Atticis
1069 653 1182 720 nescio
1207 671 1407 735 enprorsus
1432 652 1560 718 inaudi-

287 770 354 830 tum
381 761 481 828 luerit
504 761 628 843 (solent
651 758 737 825 enim
762 759 826 825 hoc
851 777 950 828 sensu
973 762 1035 826 ὑπό
1052 778 1126 826 cum
1145 777 1215 826 aec.
1229 760 1452 844 coniungere).
1475 759 1559 838 Quid

285 869 403 936 mulce?
439 867 632 932 vertendum
668 883 742 932 esse
779 867 941 936 existimo:
977 867 1055 949 ,qui
1092 867 1193 936 desub
1228 867 1351 952 tegulis
1386 867 1559 948 prorepit“

286 975 551 1058 ,nunorsenruill
587 991 753 1046 uemnoro
786 976 944 1055 upumu“.
978 973 1070 1051 Quae
1095 974 1281 1055 explanatio
1306 974 1403 1042 unice
1426 979 1559 1054 senten·

284 1083 330 1148 tie
354 1082 417 1148 loci
446 1080 705 1150 commendatur.
732 1081 818 1146 Nom
843 1083 871 1146 si
895 1081 1064 1148 Philocleo
1091 1086 1234 1163 ,tectum
1260 1081 1393 1164 subiit“,
1410 1081 1446 1148 in
1472 1081 1559 1146 aedi·

282 1189 343 1256 bus
367 1207 513 1266 manens,
540 1188 705 1270 quomodo
729 1208 748 1252 e
770 1188 987 1272 Bdelycleone
1012 1188 1192 1270 servisque,
1213 1187 1269 1270 qui
1284 1187 1365 1257 loris
1381 1187 1558 1256 versabun-

282 1305 345 1375 tur,
371 1295 519 1376 conspici
540 1294 665 1376 potuit?
701 1295 758 1364 Sin
782 1295 1027 1362 Philocleoneur
1054 1294 1177 1376 „desub
1209 1295 1330 1376 tegulis
1353 1297 1555 1377 prorepere“

283 1404 506 1481 statuerimus,
531 1403 640 1468 omnia
661 1404 760 1484 plene
783 1410 889 1469 erunt:
906 1403 975 1485 Ph,
994 1403 1120 1470 muiore
1137 1403 1286 1486 corporis
1302 1408 1395 1484 parte
1412 1403 1446 1468 in
1468 1401 1558 1466 aedi·

284 1511 345 1576 bus
368 1527 515 1588 manens,
541 1516 640 1591 ceput
662 1529 844 1591 manusque
879 1511 953 1576 inde
984 1511 1070 1576 inter
1097 1516 1220 1577 tectum
1243 1515 1277 1575 et
1299 1509 1460 1592 parietem
1485 1527 1557 1592 pro·

282 1617 397 1697 rendit,
423 1618 479 1682 sed
504 1636 524 1681 e
547 1602 616 1684 filio
641 1618 813 1698 servisque
839 1623 1045 1699 conspectus,
1070 1617 1157 1683 intro
1182 1617 1375 1684 retruditur.
1399 1619 1455 1694 Αι1
1470 1616 1558 1680 dixe·

281 1725 327 1789 rit
350 1725 523 1806 quispiam,
548 1725 745 1790 ύποδύεσθαι
780 1724 946 1804 „subire“,
966 1725 999 1791 h.
1023 1743 1052 1788 e.
1080 1723 1159 1804 ,sub
1187 1723 1311 1805 aliquid
1334 1723 1403 1788 ire“
1432 1722 1556 1806 signifi·

281 1836 430 1906 estnon
457 1829 632 1911 ,alicunde
651 1831 777 1912 exiret
801 1831 870 1897 Non
895 1832 942 1895 itu
966 1849 1018 1897 res
1044 1850 1078 1896 se
1102 1831 1210 1906 hebet,
1232 1835 1329 1913 atque
1354 1831 1553 1896 ὑποδύεσθαι

279 1938 365 2004 valet
388 1937 577 2030 θιδύεσθαι
600 1938 662 2002 ὑπό
685 1959 721 2012 τι,
743 1943 777 2002 et
800 1943 828 2004 δ.
852 1936 914 2004 ὑπό
939 1960 1034 2016 τινος.
1060 1935 1107 2003 (if.
1132 1938 1228 2003 Hom.
1255 1936 1317 2002 Od.
1339 1941 1368 2019 6,
1398 1939 1460 2000 127
1501 1938 1553 2002 θά-

280 2066 368 2122 μνων
391 2045 571 2110 ὑπεδύσετο
591 2063 754 2122 ,numeru
779 2063 944 2119 nen-noun
969 2046 1146 2128 rursusne

322 2150 364 2214 ΙΙ.
392 2143 532 2215 Τναιαιο
556 2169 656 2216 sensu
679 2152 741 2218 ὑπό
766 2171 792 2217 c.
817 2171 889 2233 gen.

326 2252 360 2342 1)
382 2256 432 2322 De
456 2276 496 2324 ea
519 2277 557 2324 re
580 2257 711 2334 dicitur,
737 2277 801 2339 qua
825 2259 1004 2324 comitante
1029 2257 1149 2340 aliquis
1173 2257 1296 2340 aliquid
1319 2257 1407 2325 feeit.

323 2366 360 2428 Α.
389 2366 469 2430 1001
497 2367 597 2432 πίνειν
619 2367 682 2430 ὑπὸ
705 2369 763 2443 τῆς
786 2367 962 2444 σάλπιγγος
986 2366 1087 2445 „tuba
1110 2365 1314 2432 occinente“.

325 2468 485 2537 Similiter
508 2474 584 2537 ὑπαὶ
606 2471 771 2548 πτερύγων
787 2472 909 2537 dicitur·
934 2472 967 2536 ln

321 2578 359 2644 t.
385 2583 448 2644 970
473 2576 584 2655 εἴσειμ’
609 2579 686 2643 ὑπαὶ
708 2578 874 2655 πτερύγων
898 2584 1005 2658 κιχλᾶν
1029 2581 1079 2642 καὶ
1103 2580 1256 2658 κοψίχων,
1274 2579 1360 2661 quod
1385 2580 1472 2646 idem
1496 2597 1548 2643 uo-

276 2683 345 2748 lere
380 2703 419 2750 ac
455 2687 530 2764 μετὰ
564 2707 614 2749 πτ.
640 2689 757 2748 auctor
796 2690 848 2750 est
871 2685 1060 2764 scholiaste;
1086 2684 1270 2768 significare
1294 2687 1396 2770 igitur
1419 2687 1548 2753 videtur

274 2797 474 2872 „ooopertus
511 2790 605 2870 elis“,
630 2794 667 2854 ιιι
700 2790 748 2855 nit
781 2791 974 2872 Muellerus,
998 2795 1049 2858 vel
1083 2793 1192 2875 potius
1229 2794 1427 2875 simpliciter
1454 2811 1545 2877 ,cum

277 2896 351 2977 alis,
376 2897 439 2962 elis
462 2897 678 2976 instructus“,
702 2904 739 2962 ut
761 2904 854 2979 petet
877 2916 916 2962 ex

320 3007 379 3070 Au.
407 3006 490 3068 1426
516 3006 579 3068 ὑπὸ
614 3005 779 3082 πτερύγων
802 3007 829 3070 τί
852 3012 1030 3084 προσκαλεῖ
1064 3009 1268 3087 σοφώτερον,
1293 3006 1350 3072 ubi
1382 3009 1460 3072 item
1488 3006 1546 3073 ὑπό

278 3110 382 3176 schol.
406 3112 482 3189 μετά
507 3128 580 3176 esse
607 3110 854 3194 interpretatur.

321 3218 354 3296 2)
377 3216 447 3280 Iam
472 3235 768 3284 commemoremus
793 3239 889 3286 usum
913 3220 1121 3286 notissimum
1140 3221 1407 3302 praepositionis,
1426 3241 1466 3288 ex
1485 3237 1544 3303 quo

276 3326 439 3386 auctorem
463 3323 579 3406 egendi
602 3325 688 3406 apud
711 3325 810 3390 verba
833 3327 966 3407 passiva
990 3327 1152 3410 designet.
1183 3327 1255 3405 Quo
1280 3327 1313 3392 in
1336 3346 1457 3409 genere
1481 3327 1545 3409 ple·

274 3447 412 3510 rumque
436 3429 475 3494 de
500 3432 721 3498 animantibus
747 3433 869 3499 dicitur
895 3434 950 3516 (a),
976 3435 1084 3499 rnrius
1108 3435 1269 3500 derebus
1294 3439 1327 3500 et
1359 3434 1545 3510 abstractis
1644 3453 1645 3480 ι

275 3553 359 3617 quae
382 3544 452 3600 tum
476 3555 536 3618 pro
560 3539 784 3606 animantibus
808 3540 923 3606 heberi
946 3541 1098 3606 videntur
1122 3542 1183 3626 (b).

318 3642 356 3706 A.
383 3646 446 3707 114
469 3644 682 3723 ἐξαπατώμεθ’
705 3646 767 3710 ὑπὸ
791 3652 856 3712 τῶν
879 3650 1057 3729 πρέσβεων.
1085 3655 1147 3714 164
1165 3650 1228 3714 ὑπὸ
1249 3653 1314 3714 τῶν
1338 3645 1543 3729 Ὀδομάντων

273 3751 311 3814 τὰ
335 3749 480 3827 σκόροδα
502 3751 733 3830 πορθούμενος.
761 3756 824 3818 217
849 3753 901 3821 ὑπ’
922 3756 1262 3836 ’ἐμοῦ-διωκόμενος.
1294 3759 1357 3822 630
1380 3757 1545 3837 διαβαλλό·
1643 3837 1644 3848 ¹

273 3858 477 3935 μενος-ὑπὸ
501 3862 566 3923 τῶν
589 3860 722 3937 ἐχθρῶν.
762 3863 826 3924 678
851 3863 1151 3943 γηροβοσκούμεσθ’
1176 3860 1230 3943 ὑφ’
1256 3865 1354 3943 ὑμῶν.
1394 3866 1459 3929 680
1483 3863 1541 3930 ὑπὸ
1643 3861 1644 3886 ¹

271 3963 684 4044 νεανίσκων-διωκόμεθα.
705 3969 768 4031 700
785 3967 837 4034 ὑπ’
853 3969 1212 4050 ἀνδρῶν-διωκόμεθα.
1234 3974 1294 4035 707
1314 3968 1367 4036 ὑπ’
1384 3971 1542 4049 ἀνδρὸς-

272 4072 465 4148 κυκώμενον.
491 4074 555 4136 824
579 4075 919 4154 φαντάδδομαι-ὑπὸ
944 4080 1011 4156 rose

316 4174 355 4240 E.
382 4181 423 4240 57
447 4176 499 4244 ὑπ’
535 4179 613 4258 ἐμοῦ
647 4185 856 4261 μεμαγμένην.
894 4187 935 4246 70
959 4186 1260 4265 πατούμενοι-ὑπὸ
1290 4190 1347 4250 τοῦ
1383 4187 1540 4265 γέροντος·

273 4285 337 4347 257
363 4281 415 4349 ὑπ’
439 4285 566 4363 ἀνδρῶν
589 4287 744 4367 τύπτομαι
767 4296 970 4369 ξυνωμοτῶν.
1000 4295 1062 4358 273
1087 4289 1143 4372 ὑφ’
1169 4295 1249 4358 οἵων
1273 4295 1392 4373 θηρίων
1417 4292 1539 4374 γαστρι-

270 4396 371 4467 Ζομαι.
398 4393 459 4455 352
484 4393 547 4457 ὑπὸ
572 4397 634 4458 σού
659 4398 846 4474 μονωτάτου
874 4401 1192 4479 κατεγλωττισμένην.
1220 4404 1278 4464 731
1306 4400 1460 4480 τύπτομαι
1480 4400 1538 4463 ὑπὸ

270 4499 399 4562 τουτουὶ
423 4501 473 4564 καὶ
495 4506 560 4566 τῶν
583 4504 773 4570 νεανίσκων.
800 4506 884 4568 1103
910 4506 1109 4585 ἐξηπατήθην
1131 4508 1194 4571 ύπό
1215 4528 1251 4572 τε
1267 4510 1330 4571 σού
1348 4507 1540 4587 καλθουφύ·
