3326 5372
632 499 829 557 *165-

135 661 169 726 L.
192 665 235 725 θθ
260 665 310 727 ἐπὶ
332 666 398 726 τῶν
422 662 563 739 κελήτων
588 664 803 742 διαβεβήκασι.
844 667 903 728 561
943 665 1068 756 (adop.)
1103 663 1204 741 tropa
1239 668 1363 742 φυλαρ-

88 767 193 858 χοῦντ’
215 767 302 832 εῑοον
326 767 377 847 ἐφ’
401 767 510 842 ἵππου,
536 777 572 834 ut
594 775 683 834 recte
716 770 838 852 legitur
871 771 904 856 in
939 769 1106 838 nonnullis
1144 767 1365 848 deterioribus

93 857 258 940 codicibus
282 883 316 940 et
339 875 424 958 apud
448 874 591 952 Suidam,
616 894 786 958 perperam
821 873 961 957 ἔφιππον
996 879 1068 964 (aut
1104 876 1297 961 ἐφ’,ἵππον1
1333 894 1366 942 ν.

94 984 238 1066 Blaydes
262 983 352 1066 ann.)
378 984 410 1050 in
434 968 625 1048 Rev—ill
650 985 699 1050 ἐπὶ
722 987 1092 1064 στρούθου-πέτεσθαι

133 1089 169 1154 R.
196 1094 235 1157 52
261 1092 311 1156 ἐπὶ
334 1096 390 1172 τῆς
414 1094 495 1168 νεὼς
519 1093 799 1168 ἀναγιγνώσκοντα

134 1198 182 1262 Pl.
211 1185 294 1262 101‘4
318 1197 496 1278 ὀχουμένην
520 1199 569 1264 ἐπὶ
591 1203 649 1277 τῆς
673 1201 804 1278 ἁμάξης.
918 1260 921 1270 .

134 1301 260 1370 Eodem
283 1288 454 1369 referendi
479 1315 527 1368 est
551 1304 679 1372 locutio
703 1306 922 1388 proverbialis
947 1307 978 1372 io
1236 1386 1239 1394 Ι
1297 1377 1300 1385 ,

133 1411 171 1474 Ε.
199 1413 282 1476 1244
306 1399 402 1489 λεπτή
425 1433 471 1490 τις
495 1413 582 1489 ἐλπίς
606 1410 673 1480 ἐστ’
700 1413 750 1493 ἐφ’
773 1413 812 1491 ἧς
836 1411 997 1494 ὀχούμεθα
1035 1413 1164 1502 ,tenuis
1202 1411 1363 1494 quaedam

91 1525 139 1580 est
163 1535 250 1599 spes,
275 1535 359 1598 quae
383 1535 442 1585 nos
468 1504 640 1601 sus'tinet“.
721 1577 724 1587 .

135 1623 185 1688 rr.
213 1630 288 1702 ruo,
314 1630 328 1689 1
356 1627 406 1690 ἐπὶ
429 1629 552 1692 λεπτῶν
574 1627 713 1690 eunom
736 1605 884 1706 οχεῑσοὲ.

116 1710 168 1812 ’2)
192 1729 338 1796 Medium
377 1730 535 1814 quendem
576 1731 810 1813 locnm'inter
848 1733 943 1807 hunc,
983 1732 1022 1796 de
1060 1751 1123 1815 quo
1158 1732 1255 1799 modo
1287 1730 1364 1805 diri,

29 1831 31 1902 i
95 1857 184 1904 usum
217 1846 251 1902 et
282 1837 497 1920 temporalem
534 1845 623 1903 tenet
657 1839 860 1920 praepositio
885 1840 918 1906 in
960 1838 1103 1905 dictione
1135 1840 1187 1906 ἐπὶ
1217 1842 1366 1916 στρατιᾶς

29 1967 30 2004 r
93 1944 145 2022 „in
170 1943 322 2013 militia“.

30 2951 32 3032 r

133 2051 170 2116 V.
197 2055 260 2116 354
285 2054 335 2117 ἐπὶ
357 2056 507 2130 στρατιᾶς
531 2053 652 2128 κλέψας
668 2053 793 2138 ῂτοὺς
831 2051 1029 2130 ὀβελίσκους.
1061 2055 1122 2116 557
1152 2053 1204 2118 ἐπὶ
1239 2067 1272 2116 σ.
1296 2055 1365 2128 τοῖς

94 2156 252 2236 Ξυσσίτοις
283 2157 462 2236 ἀγοράζων.

135 2263 172 2330 L.
200 2267 261 2328 100
286 2265 335 2329 ἐπὶ
359 2282 391 2328 σ.
416 2266 567 2342 ἀπόντας.

136 2375 170 2451 3)
194 2369 319 2436 Eadem
343 2371 588 2452 praepositione
624 2387 854 2452 nonuunquam
893 2378 1030 2436 utuntur
1066 2369 1186 2436 Graeci
1215 2370 1256 2437 ad
1291 2371 1366 2434 loca

95 2476 312 2562 significanda,
338 2477 388 2542 rei
408 2479 509 2544 alicui
532 2479 582 2542 vel
607 2477 734 2560 regioni
765 2478 951 2542 adiacentia
973 2473 1064 2564 (χοᾶ,
1099 2477 1231 2558 apnd“).
1259 2477 1364 2556 Quem

97 2603 185 2650 usum
210 2583 296 2666 apud
332 2589 387 2648 Ar.
423 2587 455 2651 in
491 2586 616 2650 duabus
647 2569 867 2651 locutionibus
902 2584 1187 2664 deprehendimus,
1226 2603 1363 2665 quarum

97 2689 194 2754 altera
217 2699 269 2756 est
292 2693 341 2755 ἐπὶ
365 2693 503 2774 Θρᾴκης,
527 2709 610 2774 quae
635 2697 692 2754 out
714 2690 866 2756 absolute
902 2689 1036 2772 ponitur
1069 2689 1127 2772 (a),
1163 2697 1219 2754 ant
1252 2689 1362 2754 addito

95 2797 295 2862 substantivo
320 2799 419 2886 χωρία
444 2817 516 2862 cum
540 2797 679 2861 articulo
704 2795 765 2879 (b),
790 2803 846 2860 aut
873 2796 1016 2875 denique
1051 2796 1122 2860 solo
1159 2795 1301 2863 articulo
1326 2797 1366 2860 τά

30 2923 32 2946 ³
96 2899 231 2980 adiecto,
254 2903 393 2968 utillud
417 2904 657 2970 substantivum
683 2903 891 2985 intellegatur
915 2901 972 2984 (e).
1011 2902 1099 2968 Loco
1132 2911 1254 2978 autem,
1280 2921 1363 2984 quae

30 3059 31 3070 ,
96 3007 153 3074 liae
178 3009 322 3075 dictione
346 3007 582 3092 significantur,
607 3017 683 3074 sunt
708 3009 857 3074 coloniae
886 3007 1101 3082 Graecorum,
1138 3010 1171 3074 in
1204 3007 1364 3074 Thraciae

93 3131 150 3178 ora
173 3115 336 3179 maritima
360 3115 443 3180 sitae
467 3119 510 3196 (ν.
536 3113 686 3180 Classeni
711 3123 744 3180 et
767 3115 885 3180 Stahlii
908 3133 983 3180 anu.
1007 3115 1047 3178 ad
1071 3114 1173 3180 Thac.
1204 3121 1230 3188 l,
1249 3119 1301 3194 56,
1322 3119 1365 3196 2).

30 3253 32 3270 ε
138 3223 169 3302 a)
192 3223 230 3286 A.
253 3225 316 3284 602
341 3224 497 3302 τοὺςμὲν
520 3224 570 3287 ἐπὶ
593 3224 721 3306 Θρᾴκης
745 3222 779 3304 li.
805 3240 833 3286 e.
858 3220 971 3304 ὁρῶν).

138 3327 173 3392 L.
199 3332 261 3392 102
287 3328 419 3394 ἄπεστιν
443 3331 492 3394 ἐπὶ
517 3332 553 3395 Θ.

137 3435 170 3518 b)
195 3435 229 3499 P.
256 3438 319 3498 283
345 3436 418 3500 τάπὶ
442 3439 478 3502 θ.
503 3437 613 3518 χωρία.

139 3547 168 3616 ολ
191 3543 230 3609 V.
257 3546 321 3607 28θΙ
346 3553 380 3608 et
404 3547 461 3613 Αν.
497 3548 579 3608 1369
605 3545 678 3609 τάπὶ
701 3545 735 3610 Θ.

138 3649 253 3714 Altera
277 3649 400 3713 looutio
427 3659 479 3714 est
502 3651 551 3717 ἐπὶ
566 3656 631 3717 τῶν
647 3654 775 3726 σεμνῶν
800 3654 884 3713 θεῶν
911 3649 1017 3730 „apud
1043 3649 1244 3714 venerandus
1258 3650 1369 3720 deas&

99 3752 118 3814 i.
141 3775 168 3817 e.
192 3757 225 3820 iu
250 3755 375 3836 templo
398 3754 514 3821 harum
540 3757 674 3822 deorum
701 3753 963 3838 (Eumenidun1):

138 3859 175 3923 E.
204 3863 285 3926 1312
311 3863 566 3938 καθῆσθαι-ἐπὶ
590 3867 654 3928 τῶν
678 3879 710 3927 σ.
735 3867 764 3924 θ.

137 3965 177 4036 11,
202 3969 232 4030 A
254 3968 328 4033 loco
353 3965 390 4030 ad
417 3969 572 4050 emporis
598 3970 739 4051 spatium
776 3965 1029 4052 significandum
1069 3967 1268 4034 transfertur
1308 3967 1368 4056 ε’πί,

32 4111 33 4130 2
98 4087 157 4150 quo
180 4071 306 4156 aliquid
327 4073 449 4140 factum
475 4083 535 4152 est;
560 4075 709 4158 iungitur
732 4087 846 4138 autern
869 4075 1002 4156 saepius
1032 4075 1182 4156 personis
1209 4076 1372 4156 („tempo-

100 4175 185 4244 ribus
209 4177 388 4262 alieuius“)
414 4183 472 4264 (a),
509 4181 617 4246 rarius
653 4179 842 4254 abstractis,
877 4181 1070 4263 plerumque
1104 4181 1190 4244 vitae
1229 4186 1369 4245 aetatem

104 4281 327 4365 indicantibus,
348 4294 384 4351 nt
405 4289 531 4367 νεότης,
559 4293 661 4366 γῆρας
686 4287 745 4368 (b).

140 4393 170 4472 a)
193 4397 230 4459 Α.
255 4398 295 4460 67
321 4396 477 4475 ἐπέμψαθ’
500 4395 699 4474 ἡμᾶς-«ἐπ’
732 4395 937 4475 Εὐθυμένους
962 4397 1119 4477 ἄρχοντος
1144 4393 1372 4478 „Euthymena

101 4499 282 4566 ar·rhonte“.

141 4605 176 4676 N.
199 4610 283 4674 1028
309 4609 339 4674 οἱ
362 4614 478 4688 ζῶντες
502 4605 567 4673 τότ’
599 4611 648 4674 ἐπὶ
672 4613 736 4673 τῶν
770 4613 938 4688 προτέρων
976 4607 1052 4691 „qui
1088 4617 1167 4672 tuuc
1207 4607 1374 4686 vivebant,

104 4717 242 4797 tempore
265 4715 386 4799 prioris
410 4716 529 4782 aetatis
552 4715 753 4782 hominum“.
