3328 5370
861 488 1035 549 ..70..

314 653 401 734 plari
420 670 489 728 suo,
516 651 612 717 cuius
635 651 685 716 rei
711 649 804 716 Vind.
842 671 871 734 p.
910 657 947 716 61
988 671 1061 717 eum
1092 652 1256 734 poenituit
1288 651 1400 734 ibique
1430 651 1593 716 coniectu·

317 777 371 825 ras
396 757 524 824 scribae
549 757 620 823 cod.
655 755 681 820 B
717 759 774 821 τὸν
798 761 978 836 στρατηγὸν
1002 759 1198 837 ὑποδραμὼν
1221 761 1278 823 τὸν
1302 759 1337 822 ἐκ
1360 759 1401 822 Π.
1432 763 1469 821 et
1499 755 1592 820 Brun·

318 865 382 930 ckii
405 867 482 942 τοὺς
499 866 699 943 στρατηγοὺς
717 865 911 942 ὑποδραμὼν
928 863 1173 947 (supplantans)
1197 867 1273 943 τοὺς
1298 866 1332 929 ἐν
1352 865 1458 950 Πύλῳ
1477 847 1591 945 probat

319 973 464 1050 Quarum
489 978 605 1037 neutra
629 971 709 1035 mihi
733 970 904 1036 satisfacit.
930 971 1020 1036 Haec
1045 971 1142 1050 enim,
1167 979 1203 1036 ut
1227 973 1297 1053 ipse
1331 971 1534 1036 Meinekeus
1556 971 1592 1032 iu-

316 1086 416 1159 tetur,
437 1098 457 1143 a
480 1079 573 1144 libris
597 1077 727 1160 longius
752 1079 890 1157 recedit,
918 1080 973 1143 ubi
995 1079 1064 1144 sine
1091 1098 1191 1145 sensu
1215 1080 1337 1161 legitur
1369 1085 1439 1144 τῶν
1467 1095 1593 1156 στρατη·
1623 1121 1624 1160 3

317 1194 384 1263 ηῶν
409 1189 606 1264 ὑποδραμὼν
629 1190 695 1251 τῶν
719 1187 753 1250 ἐκ
776 1185 818 1251 Π.
845 1184 879 1250 In
905 1185 1062 1250 111ονιιυ
1088 1187 1253 1267 scriptura
1277 1187 1335 1250 τὸν
1370 1203 1449 1264 στρ.
1488 1187 1545 1249 τὸν
1568 1185 1594 1247 ἐκ

317 1291 358 1355 Π.
384 1309 447 1356 non
473 1290 553 1355 satis
577 1289 690 1372 liquet,
716 1290 790 1371 quis
814 1292 857 1355 sit
880 1292 936 1356 hic
952 1283 1137 1375 strategus,
1163 1291 1288 1356 Niciam
1324 1293 1497 1374 intellegit
1523 1289 1592 1354 Mei-

319 1397 454 1463 nelreus:
479 1401 514 1460 at
537 1395 698 1477 quomodo
722 1391 838 1462 Nicias
863 1396 881 1459 ὁ
905 1399 940 1461 ἐκ
963 1399 1076 1463 Πύλου
1111 1399 1272 1480 appellari
1304 1404 1428 1480 potest,
1469 1398 1526 1480 qui
1562 1396 1594 1459 al

320 1504 434 1586 Pylum
469 1523 509 1569 ne
545 1504 713 1585 proiectus
748 1504 881 1586 quidem
906 1510 986 1583 erat,
1011 1507 1069 1570 secl
1102 1497 1237 1570 Athenis
1270 1505 1443 1570 monebat?
1484 1505 1593 1569 Demo·

321 1612 468 1677 sthenem
493 1609 673 1694 significari
697 1611 768 1676 vult
790 1611 946 1688 Botheus
974 1613 1049 1694 „qui
1074 1631 1113 1675 ex
1136 1611 1217 1695 Pylo
1242 1613 1372 1677 rediit“:
1399 1613 1464 1677 sed
1483 1613 1595 1676 Demo·

320 1720 451 1786 sthenes
470 1725 537 1786 tum
555 1738 619 1785 non
632 1720 781 1802 Athenis,
804 1721 861 1786 sed
886 1721 925 1784 ad
950 1719 1063 1804 Pylum
1086 1729 1166 1800 erat;
1192 1722 1367 1804 participio
1387 1727 1507 1786 autem
1525 1722 1594 1785 ὑπο·

320 1829 449 1907 δραμών
473 1825 554 1892 111υὺ
577 1825 752 1903 indicatur,
778 1829 865 1909 quod
883 1834 957 1893 ante
982 1827 1102 1893 lactum
1122 1836 1182 1909 est,
1200 1848 1296 1911 quam
1316 1827 1394 1893 Cleo
1412 1829 1458 1893 ad
1486 1826 1591 1909 Pylum

318 1932 599 2017 proficisceretur.
624 1931 740 2000 Potius
764 1935 867 2016 igitur
890 1933 909 1998 ὁ
930 1937 967 1999 ἐκ·
988 1935 1100 2000 Πύλου
1135 1935 1258 2000 dictum
1296 1954 1370 2001 csse
1405 1955 1472 2018 pro
1510 1935 1529 1998 δ
1566 1935 1592 1996 ἐν

318 2043 418 2128 Πύλῳ
442 2043 627 2124 putaverim
653 2047 694 2123 (v.
720 2041 777 2106 Kr.
803 2041 828 2118 1,
854 2046 907 2123 50,
932 2047 962 2117 8,
990 2043 1055 2125 13),
1081 2061 1278 2124 quamquam
1315 2063 1356 2108 ne
1389 2043 1437 2107 ito
1465 2043 1589 2128 quiden
1625 2039 1626 2124 ῳ

317 2147 425 2212 locum
451 2147 539 2212 omni
563 2146 642 2212 vitio
667 2165 805 2213 vacuum
829 2165 904 2214 esso
930 2148 1039 2238 credo:
1064 2165 1125 2212 nec
1151 2147 1237 2212 enim
1263 2148 1529 2212 Demosthenem
1550 2161 1592 2209 so·

318 2256 398 2334 lum,
422 2255 480 2320 secl
505 2273 629 2332 omnes,
655 2257 710 2337 qui
736 2255 774 2319 ao
807 2255 920 2338 Pylum
957 2260 1061 2334 erant,
1098 2267 1270 2336 praetores
1307 2255 1384 2321 Cleo
1423 2257 1590 2320 incusasso

318 2360 450 2426 videtur
479 2361 534 2445 (cl.
558 2381 587 2426 v.
615 2365 677 2426 355
703 2365 904 2441 κασαλβάσω
928 2366 1004 2441 τοὺς
1028 2365 1062 2428 ἐν
1086 2345 1185 2447 Πύλῳ
1210 2364 1420 2443 στρατηγούς,
1448 2363 1508 2427 ubi
1534 2360 1589 2424 ani·

319 2469 488 2532 madverte
514 2468 624 2543 etiam,
650 2470 684 2533 ἐν
707 2469 806 2553 Πύλῳ
843 2469 964 2534 dictum
1000 2489 1083 2547 esse,
1113 2489 1175 2535 non
1213 2471 1247 2534 ἐκ
1278 2470 1400 2542 Πύλου,
1438 2477 1479 2536 ut
1515 2465 1590 2550 apud

321 2572 421 2640 Thuc.
446 2580 480 2656 4,
505 2579 555 2651 29,
583 2581 611 2652 1,
635 2581 701 2641 τῶν
725 2579 759 2641 ἐν
793 2577 892 2662 Πύλῳ
928 2583 1139 2661 στρατηγῶν),
1177 2600 1235 2645 nec
1273 2579 1344 2644 sinc
1380 2564 1589 2645 oausa'libvi

319 2675 480 2763 pluralem
504 2685 650 2748 tuentur.
676 2685 828 2748 Attamen
851 2683 913 2748 hoc
938 2703 1036 2749 versu
1061 2685 1100 2749 ‹le
1125 2685 1347 2751 Demosthene
1374 2688 1517 2768 eiusque
1535 2681 1590 2748 col·
1625 2729 1626 2742 .

318 2790 404 2872 legis
430 2789 481 2873 agi
506 2807 544 2855 ex
567 2789 678 2855 verbis
703 2791 842 2868 ἕψοντος
866 2791 975 2869 ἑτέρου
999 2789 1041 2873 (ν.
1069 2794 1145 2877 745)
1171 2799 1271 2875 patet:
1296 2810 1371 2859 nam
1396 2811 1447 2858 vv.
1477 2795 1541 2856 742
1556 2823 1590 2835 -

321 2901 397 2959 3et
423 2898 564 2972 744—5,
587 2901 624 2958 ut
647 2902 738 2959 recte
774 2897 960 2960 observavit
993 2895 1151 2976 Kockius,
1188 2899 1272 2962 inter
1311 2915 1345 2961 se
1383 2899 1424 2962 ad
1461 2897 1588 2962 verbum

320 3004 527 3084 respondent,
553 3002 645 3067 utin
670 3003 778 3067 verbis
802 3009 866 3069 τῶν
890 3013 1078 3082 στρατηγῶν
1102 3007 1297 3085 ὑποδραμὼν
1331 3011 1396 3072 τῶν
1421 3003 1586 3089 genetivus

320 3109 503 3185 absolutus
529 3109 586 3191 qui
610 3109 750 3174 similem
775 3129 907 3176 sensum
932 3111 1052 3177 habeat
1089 3120 1187 3195 atque
1223 3113 1282 3177 illa
1309 3113 1361 3192 ἕψ.
1398 3113 1452 3190 tu,
1493 3113 1590 3174 latero

320 3219 480 3282 videatur.
499 3215 608 3294 Quare
624 3235 644 3280 a
660 3218 787 3282 rationo
805 3219 870 3284 loci
891 3220 1034 3283 alienum
1060 3225 1119 3293 est,
1146 3220 1232 3301 quod
1257 3217 1404 3284 Koclrius
1441 3215 1588 3283 coniecit:

320 3327 337 3387 ὅ
359 3343 396 3401 τη
417 3328 482 3389 τῶν
506 3329 695 3402 στρατηγῶν
708 3328 954 3405 ὑποτρεμόντιιιν
967 3328 1002 3390 ἐκ
1016 3325 1068 3393 Π.;
1084 3345 1158 3390 nam
1176 3326 1275 3390 verbo
1293 3328 1481 3405 ὑποτρέμειν
1500 3339 1590 3406 „pau-

319 3431 385 3496 lum
410 3435 573 3497 trenvere“
599 3433 651 3494 vix
674 3431 729 3496 hic
754 3432 932 3513 quidquam
952 3431 1016 3496 loci
1034 3437 1145 3512 potest
1170 3448 1253 3497 esse.

362 3539 400 3603 N.
428 3544 488 3603 1s6
514 3543 582 3616 τοῖς
607 3541 641 3602 ἐκ
663 3538 775 3602 Πύλου
805 3541 963 3617 ληφθεῖσι.

292 3637 295 3643 ’
363 3648 387 3709 Χ
401 3668 416 3710 ε
429 3668 446 3724 ρ
461 3668 478 3724 ρ
492 3647 540 3709 όν
553 3667 572 3723 η
587 3661 641 3709 σο
654 3662 681 3722 ς;
708 3644 743 3707 Ε.
772 3649 834 3710 262
861 3646 1050 3724 καταγαγὼν
1073 3647 1108 3712 ἐκ
1132 3630 1353 3726 Χερρονήσου.

363 3752 527 3831 ’aaron
554 3741 589 3814 Ρ.
618 3755 700 3816 1125
725 3751 795 3829 ἦλθ’
820 3755 851 3819 ἐξ
883 3749 1008 3830 Ὠρεοῦ.

362 3861 396 3944 b)
422 3859 494 3923 Jam
532 3865 765 3924 enumerentur
801 3859 932 3924 nomina
960 3857 1185 3936 uerliyiciorum
1210 3861 1245 3924 ἐκ
1269 3858 1506 3942 praepositioni
1541 3848 1590 3915 ad·

318 3967 440 4032 iuncta.
1436 3953 1439 3988 ³

364 4075 547 4138 ἄδυτον
574 4073 611 4136 Ε.
640 4077 722 4137 1016
750 4071 917 4137 Ἀπόλλων
939 4073 1030 4152 ἴαχεν
1054 4074 1085 4139 ἐξ
1110 4071 1255 4142 ἀδύτοιο.

365 4186 507 4260 βαλαν
523 4183 593 4245 εῑο
608 4200 635 4245 v:
661 4178 700 4246 E.
729 4181 809 4245 1401
838 4181 896 4244 κάκ
920 4181 984 4244 τῶν
1009 4184 1036 4257 β.
1060 4180 1161 4245 πίεται
1185 4182 1222 4245 τὸ
1247 4181 1406 4258 λούτριον.

346 4277 409 4378 [Pl.
436 4289 499 4350 535
525 4289 649 4369 φῲδων
672 4285 707 4351 ἐκ
731 4285 910 4364 βαλανείου.
936 4287 999 4348 616
1024 4289 1139 4364 χωρῶν
1161 4286 1195 4349 ἐκ
1220 4287 1399 4364 βαλανείου.

352 4379 380 4459 Ιδ
394 4419 420 4460 ὼ
434 4393 516 4475 μ’ἁτ
529 4418 538 4458 ι
551 4416 609 4460 ov:
633 4391 688 4459 Fr.
714 4399 765 4473 19,
792 4399 806 4455 l
834 4394 869 4456 ἐκ
885 4393 949 4455 ’τοῦ
974 4393 1130 4470 5,-φέρε
1155 4393 1346 4471 κνέφαλλον.

362 4502 483 4579 ναός,
509 4521 528 4565 ν
541 4521 555 4564 ε
569 4503 595 4565 ὼ
609 4519 636 4577 ςτ
662 4497 697 4562 L.
723 4502 787 4561 775
812 4496 1178 4576 ἢν-ἀναπτῶνται-ἐξ
1200 4497 1299 4585 ἱεροῦἱ
1314 4502 1418 4563 ναοῖο.

349 4593 412 4674 Pl.
438 4611 500 4672 733
524 4603 782 4690 ἐξῃξάτην-δύο
807 4601 957 4680 δράκοντ’
980 4604 1015 4670 ἐκ
1038 4607 1095 4667 τοῦ
1120 4586 1196 4668 νεῶ.
