3298 5368
637 463 812 524 ...99-

136 633 167 698 N.
191 636 250 698 392
273 632 336 698 ἀπὸ
360 631 543 708 γαστριδίου
567 629 832 704 τυννουτουὶοῐα
857 631 1030 706 πέπορδας.
1057 629 1120 694 768
1147 627 1218 710 (τὴν
1235 630 1354 710 λίθονί,

85 741 147 820 ἀφ’
166 739 203 818 ἧς
223 741 259 804 τὸ
281 741 344 817 πῦρ
368 738 516 804 ἅπτουσι.

137 846 171 910 V.
194 850 253 914 udo
277 847 488 923 λόγισαι-μή
513 849 647 923 ψήφοις,
673 843 740 908 ἀλλ’
764 844 827 911 ἀπὸ
850 845 965 924 χειρός.

136 953 168 1016 R.
194 956 250 1018 121
276 955 329 1032 μία
350 950 568 1032 (ὁδόςλέστιν
592 951 656 1016 ἀπὸ
680 952 766 1016 κάλω
791 953 841 1014 καί
866 952 1008 1028 Θρονίου,
1025 952 1110 1033 quod
1135 953 1288 1038 ambigue
1305 953 1354 1022 dlss

96 1065 174 1124 ctum
207 1065 265 1126 est:
301 1075 375 1124 nain
401 1064 435 1122 ct
462 1076 500 1138 ,ο
523 1059 599 1122 lune
624 1064 659 1120 ct
679 1058 843 1122 δυσωπῶ
883 1056 1058 1139 significat,
1083 1064 1118 1123 cl
1142 1077 1219 1142 ,ρει
1243 1061 1352 1128 funem

90 1168 342 1235 otti-anstrum.
358 1166 508 1230 lunc-1
524 1163 587 1228 ἀπὸ
605 1165 755 1240 ληκυθίου
772 1179 834 1228 σου
850 1165 926 1242 τοὺς
937 1166 1120 1242 προλόγους
1135 1171 1354 1245 διαφθερῶ.-

102 1276 152 1340 ἀτό
173 1276 320 1352 ληκυθίου
344 1277 386 1340 σὺ
410 1275 487 1352 τοὺς
510 1273 617 1351 ἐμούς;

135 1381 177 1448 ΡΙ.
202 1385 263 1449 567
288 1383 352 1448 ἀπὸ
376 1386 433 1447 τοῦ
458 1381 707 1459 λιμοῶ-αὐτοῑς
730 1383 767 1444 τὸ
791 1385 965 1459 σφηκῶδες
988 1383 1031 1446 σὺ
1055 1384 1204 1461 πορίζεις.

127 1489 160 1563 δ,
183 1490 215 1569 α)
238 1489 276 1554 Ε.
302 1491 366 1558 538
391 1489 454 1554 ἀπὸ
479 1491 613 1565 σμικρᾶς
637 1486 1005 1564 δαπάνης-ἀριστίζων,

135 1594 168 1662 V.
192 1599 255 1664 900
279 1598 342 1665 ἀπὸ
366 1598 563 1661 τοῦδε-τοῦ
588 1593 885 1673 μισθαρίου-ἔχειν
909 1593 1036 1672 ἄλφιτα.

134 1705 166 1772 L.
190 1710 252 1770 loo
276 1705 475 1782 πολεμητέον
499 1700 566 1768 ἔστ’
590 1703 654 1766 ἀπὸ
678 1702 806 1768 τούτου.

134 1811 187 1878 Ec.
211 1816 273 1878 599
299 1813 363 1876 ἀπὸ
386 1810 645 1888 τούτων-ἡμεῖς
671 1809 880 1888 βοσκήσομεν
908 1811 998 1886 ὑμᾶς.

134 1919 176 1986 Pl.
200 1923 261 1982 377
300 1919 364 1987 ἀπὸ
405 1920 761 1995 σμικροῦ-διαπρᾶξαι.
803 1920 865 1982 569
904 1917 1254 1995 πλουτήσαντες-ἀπὸ
1288 1926 1357 1989 τῶν

91 2029 211 2100 κοινῶν,
235 2025 289 2088 nbi
321 2024 438 2090 localis
473 2025 522 2088 vis
557 2022 814 2105 praepositionis
847 2022 989 2089 dilucide
1018 2030 1165 2105 apparet.
1203 2028 1267 2094 890
1290 2028 1356 2094 ἀπὸ

90 2138 151 2198 τῶν
172 2134 523 2212 ἐμῶν-δειπνήσετον.

135 2240 162 2322 β)
184 2240 221 2306 Ρ.
246 2242 432 2308 coozono
456 2240 519 2305 ἀπὸ
542 2239 677 2302 τούτων.

136 2347 187 2412 dv.
210 2351 295 2412 1434
320 2341 512 2424 ἔργα,-ἀφ’
537 2345 584 2409 ὧν
607 2349 853 2423 διαζῆν-χρῆν.

135 2453 165 2535 δ)
186 2452 358 2518 Postremo
382 2470 441 2516 eos
464 2450 613 2516 tractabo
637 2440 740 2528 locos,
757 2450 874 2531 quibus
898 2450 961 2514 ἀπό
983 2447 1064 2516 illud
1080 2452 1255 2532 significat,
1270 2453 1357 2518 unde
1450 2529 1457 2540 .

89 2559 162 2638 -quis
184 2558 308 2640 aliquid
332 2559 513 2639 cognoscit,
538 2557 672 2632 iudicat,
697 2556 824 2638 colligit
844 2557 921 2637 („nn
945 2559 1175 2638 ocsonanin“).

136 2664 168 2734 E.
193 2669 256 2732 497
281 2663 341 2744 ἀφ’
366 2664 405 2728 οὑ
428 2665 580 2739 ξυνέγνω.

135 2771 168 2836 Ν.
192 2776 254 2838 395
280 2773 344 2836 ἀπὸ
368 2774 490 2836 σαυτοῦ
515 2771 571 2844 ’γώ
596 2786 636 2834 σε
663 2773 790 2838 διδάξω.

135 2878 171 2942 V.
196 2883 236 2942 78
262 2875 318 2956 ἀφ’
343 2879 441 2942 αὑτοῦ
466 2878 523 2954 τὴν
547 2879 650 2942 νόσον
673 2879 878 2955 τεκμαίρεται.
904 2881 963 2942 601
991 2880 1109 2955 σκέψαι
1132 2880 1160 2942 δ’
1175 2880 1239 2944 ἀπὸ
1263 2882 1358 2943 τῶνδ’

95 2987 215 3061 ἀγαθῶν
238 2985 318 3050 σίων
342 2980 371 3062 μ’
396 2985 567 3064 ἀποκλῄεις
604 2986 654 3046 καί
679 2984 869 3062 κατερύκεις,
895 2984 951 3050 ubi
984 2985 1024 3050 ab
1052 2984 1249 3052 Homukero*
1263 2985 1359 3050 τῶνδ’

97 3109 148 3169 oro
170 3098 233 3158 τῶν
257 3092 414 3157 librorum
440 3089 600 3170 scriptum
626 3099 687 3164 cst,
713 3089 752 3152 ab
776 3089 965 3172 Hirschigio
990 3088 1020 3170 μ’
1046 3094 1278 3173 interpositum
1296 3099 1358 3168 cst,

96 3204 128 3262 ot
148 3200 189 3266 sii
214 3198 351 3280 „collige
375 3215 415 3260 cx
436 3195 488 3259 his
512 3195 608 3278 (quac
634 3195 728 3258 modo
754 3196 967 3276 enumeravi),
991 3217 1009 3260 a
1033 3199 1150 3278 quibus
1175 3215 1226 3264 nnc
1251 3199 1360 3264 σκολυ-

89 3305 147 3371 das
170 3312 202 3372 ct
224 3323 338 3370 arceas
361 3303 561 3368 commodis“
589 3300 734 3382 (Boclnn.
760 3321 790 3383 ρ.
817 3305 857 3366 97
883 3303 957 3384 sq.).

135 3412 187 3480 Ec.
214 3418 277 3477 780
301 3411 532 3488 γνώσει-ἀπὸ
555 3414 620 3474 τῶν
643 3416 757 3489 χειρῶν
781 3431 816 3486 γε
839 3415 903 3474 τῶν
929 3410 1130 3490 ἀγαλμάτων.
1223 3466 1225 3476 .

134 3520 178 3588 Pl·
200 3523 263 3586 877
290 3519 585 3595 σκέψασθαι--ἀπό
602 3521 667 3582 τῶν
693 3520 828 3582 παίδων.

133 3626 251 3694 Similis
275 3637 327 3692 cst
349 3625 610 3709 praepositionis
635 3643 715 3690 usus
743 3625 776 3690 in

134 3734 182 3797 Fr.
206 3736 281 3814 278,
309 3739 327 3798 2
353 3737 555 3810 ἔστιν-τοῖς
579 3734 665 3797 κάτω
687 3735 769 3810 πρὸς
793 3735 869 3810 τοὺς
893 3733 960 3798 ἄνω
978 3733 1041 3798 ἀπὸ
1057 3735 1241 3812 συμβόλων,
1256 3733 1283 3796 si
1301 3751 1361 3813 pro

91 3839 174 3906 ἔστιν
195 3841 378 3912 scribamus
403 3843 535 3918 κρίσεις,
559 3845 596 3905 ut
620 3839 690 3904 vult
720 3839 876 3904 llockius.

460 4161 675 4232 duddi.
717 4163 988 4232 undull.

137 4377 321 4461 lic-formo.
357 4381 405 4446 Ex
440 4380 553 4448 fonnis
590 4383 687 4450 huius
725 4385 906 4464 particulae
942 4385 976 4452 in
1012 4388 1068 4452 Ar.
1094 4385 1262 4450 codicibus
1299 4386 1360 4448 hac

38 4505 39 4544 1
102 4487 230 4572 scriptae
266 4489 485 4557 inveniuntur:
522 4491 626 4566 ἕνεκα,
651 4491 767 4566 εἵνεκα,
803 4493 931 4572 οὕνεκα,
958 4492 1054 4566 ίνεκε,
1079 4493 1196 4568 ἕνεκεν,
1221 4493 1362 4556 οὕνεκεν.

104 4592 143 4658 λι
163 4597 296 4676 primum
334 4597 464 4678 quidem
502 4599 542 4662 de
579 4598 694 4664 lormis
730 4601 762 4664 in
788 4601 851 4684 ε(ν)
875 4599 1072 4666 excuntibus
1100 4599 1363 4682 κροκοδείλων

1222 4721 1257 4784 71
