3298 5368
781 465 979 527 -114-

249 625 522 696 Marathoniam“.
547 625 621 698 Alii,
646 633 682 691 ut
713 625 902 708 Eltnsleius¹
939 627 1093 702 Cobetus,
1130 627 1335 707 Μεὶιιολιοιιο,
1374 627 1522 696 scribunt

250 733 300 795 διὰ
322 735 378 794 τοῦ
405 733 448 796 Μ.
472 733 674 811 τροπαίου-
690 738 790 810 reete,
816 740 853 798 ut
875 736 1017 801 videtur:
1051 753 1114 800 nee
1150 734 1236 800 enim
1261 733 1371 811 cred0,
1396 733 1522 800 Aristo-

248 826 388 919 phnnem
412 857 554 924 unquam
578 840 613 904 ἐν
639 840 815 918 Μαραθῶνι
839 841 973 908 dixisse.
1007 842 1155 908 Koekius
1189 845 1290 922 negat
1322 857 1520 922 quemquam

249 950 432 1026 capturum,
459 946 536 1028 quid
561 947 605 1011 sit
626 953 727 1024 περᾶν
750 951 801 1014 διὰ
824 952 882 1012 τοῦ
905 951 1070 1032 τροπαίου;
1095 949 1154 1016 sed
1177 937 1251 1030 qu'is
1269 955 1328 1034 ¹est
1356 953 1449 1014 tanta
1473 965 1522 1014 sa·

248 1053 401 1134 gustate,
427 1053 482 1135 qui
506 1072 546 1118 ex
568 1071 633 1117 uno
658 1072 768 1133 versu,
789 1073 893 1136 eoque
917 1057 1059 1122 fortasse
1091 1060 1257 1138 corrupto,
1293 1055 1333 1121 de
1358 1054 1522 1120 sententia

248 1159 315 1224 loci
336 1159 462 1241 liquido
486 1157 681 1226 confirmare
705 1161 828 1243 possit?

294 1266 326 1349 β)
352 1266 388 1328 λ’.
415 1269 494 1330 1061
523 1270 634 1332 διὰτὸ
666 1273 853 1349 σωφρονεῖν
866 1306 905 1316 --
919 1271 1042 1346 ἀγαθόν
1073 1293 1102 1335 τι
1134 1270 1319 1348 γενόμενον.
1356 1269 1442 1332 1067
1467 1269 1522 1346 τὴν

249 1371 485 1452 Θέτιν-ἔγημε
509 1377 619 1438 διὰτὸ
644 1379 841 1455 σωφρονεῖν.

291 1479 329 1545 R.
357 1483 442 1544 1490
466 1480 604 1562 (ἄπεισιν
628 1482 750 1565 οἴκαδε)
775 1485 887 1548 διὰτὸ
915 1486 1050 1562 συνετὸς
1074 1485 1164 1550 εἶναι.

254 1631 256 1638 ,
291 1585 348 1652 Ec.
373 1590 456 1654 1156
482 1590 592 1652 διὰτὸ
620 1593 716 1665 γελᾶν
740 1591 854 1668 κρίνειν
878 1592 943 1669 ἐμέ.
979 1591 1014 1656 In
1052 1591 1144 1658 libris
1169 1590 1365 1672 legiturbtn
1389 1590 1446 1653 τὸν
1471 1590 1523 1665 γε’·

247 1698 322 1768 λων,
348 1695 434 1776 quod
458 1702 563 1759 metro
587 1695 788 1774 adversatum
815 1715 916 1778 quare
940 1697 1055 1773 hic,ut
1077 1699 1111 1763 in
1144 1697 1183 1762 N.
1208 1699 1272 1762 916
1298 1702 1333 1760 et
1354 1694 1396 1762 V.
1423 1699 1520 1778 1169,

247 1799 436 1866 Dindorfius
459 1802 580 1866 Atticis
603 1802 785 1868 inauditam
809 1802 946 1868 formam
979 1808 1018 1870 ῑά
1051 1805 1236 1888 proposuit.
1271 1805 1315 1867 At
1347 1802 1380 1866 hi
1407 1821 1520 1868 omnes

246 1905 313 1970 1οοὶ
335 1906 398 1970 levi
425 1909 615 1974 coniectura
639 1916 806 1976 sanantur.

290 2015 323 2095 γ)
358 2019 430 2080 διὰ
465 2020 617 2080 ταῦτα
653 2020 690 2082 Α.
728 2021 789 2083 650
827 2023 877 2085 διὰ
907 2017 997 2083 ταῦθ’
1020 2021 1224 2098 ὑμᾶς-τήν
1248 2019 1377 2096 εἰρήνην
1399 2037 1518 2095 προκα-

245 2124 383 2186 λοῦνται.

258 2284 271 2309 -.
289 2227 327 2292 Ν,
353 2232 417 2292 856
441 2231 492 2293 διὰ
515 2233 613 2294 ταῦτα
637 2233 675 2309 δὴ
701 2236 751 2296 καὶ
775 2233 936 2312 θοίμάτιον
964 2234 1146 2311 ἀπώλεσας

290 2333 326 2398 Ρ.
352 2336 415 2400 892
440 2339 491 2401 διὰ
514 2340 613 2401 ταῦτα
637 2341 686 2402 καὶ
711 2337 867 2404 κεκάπνικ’
892 2340 964 2417 ἄρα.

289 2440 352 2510 Αν.
381 2443 423 2506 42
447 2446 498 2507 διὰ
532 2448 675 2510 ταῦτα*
699 2447 874 2524 βαδίζομεν.
910 2449 975 2510 486
1010 2449 1061 2511 διὰ
1088 2445 1175 2510 ταῦτ’
1210 2444 1515 2522 ἂρα-διαβάσκει.

248 2552 328 2616 1851
354 2553 404 2615 διὰ
427 2551 772 2629 ταῦτα-άνοικισθείς.

288 2657 325 2720 R.
352 2659 437 2719 1065
462 2657 581 2722 οὔκουν
612 2659 1053 2738 ἐθέλει-τριηραρχεῑν-διὰ
1075 2661 1183 2722 ταῦτα.

288 2761 341 2826 Fr.
366 2765 441 2837 488,
471 2769 488 2826 0
514 2765 565 2826 διὰ
588 2766 904 2830 ταῦτα-καλοῦνται
936 2767 1092 2843 μακάριοι.

287 2871 360 2932 διὰ
383 2870 536 2933 τοῦτοτ
561 2866 598 2932 N.
623 2871 688 2932 354
712 2869 826 2950 ἔλαφοι
863 2873 914 2935 διὰ
936 2866 1021 2935 τοῦτ’
1046 2871 1206 2946 ἐγένοντο.
1243 2872 1306 2932 355
1344 2869 1396 2931 διὰ
1430 2862 1514 2930 τοῦτ’

243 2975 391 3050 ἐγένοντο
415 2977 573 3051 γυναῖκες.
600 2978 685 3039 1200
709 2979 760 3041 διὰ
790 2981 885 3042 τοῦτο
919 2961 1181 3056 προύτένθευσαν
1215 2975 1318 3057 ἡμέρα
1342 2979 1406 3058 μιᾷ.
1434 2974 1515 3039 1230

243 3082 294 3144 διὰ
317 3079 401 3146 τοῦτ’
424 3082 557 3159 ἔξαρνος
584 3081 663 3147 εἶναι
687 3088 817 3166 διανοεῑ;

286 3185 327 3248 V.
353 3188 419 3251 284
442 3190 493 3252 διὰ
516 3188 600 3252 τοῦτ’
623 3188 790 3268 ὀδυνηθεὶς
814 3191 868 3255 εἶτ’
889 3192 973 3269 ἴσως
998 3197 1094 3256 κεῖται
1118 3192 1292 3270 πυρέττων.
1394 3250 1399 3264 ,

285 3291 322 3355 Ρ.
347 3295 406 3356 411
436 3297 486 3359 διὰ
509 3296 810 3375 τοῦτο-βούλοιντ’
835 3298 874 3361 ἂν
896 3297 1225 3376 ἡμᾶς-ἐξολωλέναι.
1259 3297 1296 3360 In
1319 3301 1513 3360 transcursu

241 3398 341 3464 liceat
363 3401 441 3466 mihi
466 3401 520 3467 hic
544 3403 787 3469 Bach111annu1n
809 3403 965 3468 refutare.
999 3406 1032 3470 Is
1057 3405 1142 3472 enim
1167 3410 1273 3468 totum
1295 3401 1382 3466 hune
1407 3401 1514 3466 locum

242 3505 290 3570 sic
314 3507 522 3572 scribendum
549 3517 663 3575 censet
683 3508 732 3596 (p.
758 3510 824 3594 35);

241 3612 327 3691 Ἑρμ.
349 3615 403 3678 ἵνα
427 3616 467 3692 δὴ,
490 3617 518 3679 τί
540 3620 636 3680 τοῦτο
659 3621 788 3696 ορᾶτον;
812 3617 887 3695 Τρυ.
912 3617 980 3700 ὁτιὴ
1005 3622 1043 3698 νὴ
1068 3620 1131 3684 Δία

347 3721 437 3799 ἡμεῖς
461 3725 517 3800 μὲν
541 3724 613 3801 ὑμῖν
637 3725 764 3807 θύομεν,
789 3727 931 3792 τούτοισι
955 3730 990 3792 δὲ

348 3827 377 3892 οἱ
402 3828 557 3907 βάρβαροι
590 3830 771 3906 θύουσι,
806 3835 879 3897 διὰ
913 3833 1030 3898 τοῦτ’
1065 3834 1164 3917 (vulg.
1190 3836 1315 3900 Θύουσι.
1340 3836 1391 3898 διὰ
1416 3833 1513 3915 τοῦτ’)

1173 3943 1302 4019 εἰκότως

347 4038 504 4119 βούλοιντ’
529 4041 569 4105 ἂν
591 4042 674 4121 ἡμᾶς
698 4046 819 4123 πάντας
843 4047 1044 4126 ἐξολωλέναι,

345 4148 398 4212 ἵνα
421 4151 478 4225 τὰς
501 4151 629 4227 τελετὰς
653 4150 744 4215 αὐτοὶ
772 4154 898 4232 λάβοιεν
921 4159 986 4219 τῶν
1010 4161 1103 4227 θεῶν.

286 4251 360 4332 „Sic
385 4253 648 4336 distinguendum
674 4274 746 4321 esse
766 4256 798 4320 h.
824 4259 855 4334 1.,
880 4258 997 4342 inquit,
1026 4260 1119 4327 facile
1138 4269 1284 4346 apparet:
1301 4281 1409 4346 neque
1426 4265 1512 4331 enim

240 4376 314 4424 cum
339 4359 479 4426 Hermes
504 4363 716 4443 quaesiverit,
742 4383 806 4446 quo
831 4368 972 4434 consilio
1004 4369 1069 4452 (ἵνα
1106 4375 1144 4450 δὴ
1180 4374 1220 4455 τί)
1259 4371 1352 4437 Luna
1387 4380 1421 4436 et
1457 4373 1512 4440 Sol

239 4463 320 4528 illud
343 4465 475 4545 faciant,
499 4468 666 4552 Trygaeus
691 4477 782 4536 recte
806 4474 854 4537 ita
876 4483 987 4555 potest,
1009 4478 1218 4559 respondere,
1243 4487 1280 4543 nt
1304 4479 1419 4546 afferat
1434 4501 1510 4545 οαιι·

238 4590 318 4648 sam,
344 4593 428 4655 quae
454 4576 600 4643 cernitur
624 4578 660 4641 ι’νι
683 4598 792 4642 rerum
816 4581 1011 4649 conditione.
1036 4584 1248 4666 Respondent
1270 4588 1380 4653 verbis
1403 4590 1457 4656 ἵνα
1473 4593 1510 4668 δὴ
