3326 5372
791 429 987 491 -186-

268 589 437 658 Hactenus
463 593 618 658 Kockius.
645 592 707 658 Sed
731 595 817 676 quid,
843 613 976 676 quaeso,
999 593 1152 661 Cratinus
1175 594 1381 677 profecisset,
1400 597 1427 662 si
1446 597 1531 660 iuxta

266 697 385 765 Bacchi
410 701 613 766 sacerdotem
639 702 797 768 sedisset?
821 701 888 767 Nec
912 703 998 770 enim
1022 703 1131 781 credo,
1148 704 1353 768 sacerdotem
1374 704 1531 784 omnibus,

159 829 164 844 ·
267 805 322 886 qui
345 804 435 869 iuxta
459 825 532 871 eum
558 807 720 887 sederent,
746 808 856 873 vinum
876 809 1080 890 praebuisse,
1098 828 1202 890 neque
1225 809 1258 873 id
1281 809 1443 875 Ranarum
1464 809 1532 874 loco

266 909 368 978 allato
393 910 577 990 conficitur,
603 913 658 978 ubi
683 913 830 980 Bacchus
867 917 1074 982 sacerdotem
1100 935 1194 982 surum
1220 921 1323 1000 rogat,
1347 920 1384 982 ut
1407 931 1443 981 se
1468 933 1532 982 scr-

266 1021 330 1097 uet,
355 1023 391 1082 nt
414 1017 452 1082 ίκ
470 1023 639 1100 posteram
662 1019 827 1106 videlicet,
850 1039 916 1088 non
940 1022 1017 1088 ilico
1054 1023 1087 1088 in
1115 1022 1244 1090 theatro
1268 1023 1339 1088 eius
1364 1027 1532 1104 compotor

268 1125 320 1189 sit.
345 1125 460 1208 Itaque
485 1127 575 1192 iuxta
601 1127 721 1192 Bacchi
745 1129 950 1194 sacerdotem
974 1130 1090 1195 sedere
1113 1130 1214 1196 nihilo
1239 1130 1342 1212 magis
1365 1129 1535 1196 interfuis-

267 1236 318 1296 set
342 1232 479 1312 Cratini,
503 1253 599 1316 quam
624 1235 710 1316 apud
734 1239 875 1300 statuam
900 1236 1036 1302 Bacchi(
1054 1236 1201 1317 Accedit,
1217 1237 1301 1318 quod
1325 1237 1450 1306 nullum
1469 1254 1536 1302 me·

265 1337 345 1403 mini
378 1337 496 1415 losum,
521 1359 587 1423 quo
612 1359 642 1405 ν.
665 1341 767 1420 ἱερεύς
802 1345 849 1407 ita
884 1343 1040 1410 omissum
1076 1344 1245 1423 οἰκουρίαν
1277 1345 1365 1426 apud
1390 1344 1449 1410 Ar.
1472 1363 1536 1410 non

266 1448 437 1525 omittitur,
463 1452 500 1512 ut
523 1446 561 1514 A.
590 1452 673 1513 1081
698 1448 717 1512 δ
740 1453 797 1514 τού
821 1450 989 1517 Διονύσου
1023 1453 1084 1531 γάρ
1116 1449 1147 1516 σ’
1170 1452 1273 1530 ἱερεύς
1296 1456 1534 1531 μεταπέμπεται.

266 1556 314 1621 Pl.
341 1557 403 1620 687
428 1554 447 1618 ὁ
470 1556 573 1634 ἱερεύς
599 1556 708 1621 αὐτοῦ.
736 1560 819 1620 1175
837 1562 895 1622 τοῦ
911 1564 1061 1638 σωτῆρος
1076 1560 1178 1638 ἱερεὺς
1196 1561 1241 1624 ὢν
1259 1559 1348 1636 Διός.
1364 1557 1410 1623 Cf.
1427 1559 1536 1641 Eupo·

264 1665 319 1728 lid.
348 1669 385 1728 19
411 1663 481 1746 (Κ.)
503 1663 605 1741 ἱερεύς
628 1663 804 1730 Διονύσου.
839 1664 956 1747 ¹Neque
992 1684 1070 1730 vero
1095 1665 1226 1747 uulgata
1249 1665 1536 1746 interpretanda
1636 1739 1637 1742 ς

265 1769 466 1848 Casaubono,
492 1777 530 1836 ut
552 1769 691 1850 videtur,
715 1769 872 1852 profecta,
898 1791 937 1836 ex
961 1792 1024 1855 qua
1047 1772 1146 1838 verba
1179 1775 1266 1850 παρὰ
1298 1779 1342 1856 τῷ
1378 1773 1534 1858 Διονύσῳ

264 1879 377 1943 eodem
401 1880 498 1944 modo
522 1875 767 1962 intelleguntur,
781 1896 846 1960 quo
862 1875 938 1958 παρ’
961 1880 1120 1964 Ἁρμοδίῳ
1137 1880 1170 1944 in
1187 1879 1244 1949 Ec.
1259 1883 1322 1944 682
1335 1881 1388 1961 (cf.
1403 1881 1536 1952 Bachm.

264 2007 295 2068 p.
323 1986 408 2070 120),
428 1987 546 2080 ,iuxta
568 1987 607 2051 D.
633 1988 807 2071 statuam“‚
822 2007 862 2051 ne
885 1987 968 2052 haec
993 1987 1133 2071 quidem,
1152 1988 1293 2069 iuquam,
1308 1961 1537 2070 interpretatio
1636 1977 1637 1992 ³

264 2093 396 2175 probari
420 2099 539 2175 potest:
564 2113 638 2159 nam
663 2094 704 2158 de
729 2095 849 2160 Bacchi
873 2098 991 2176 statua,
1005 2095 1039 2160 iu
1055 2095 1185 2160 theatro
1210 2099 1342 2175 statuta,
1366 2113 1473 2177 neque
1498 2096 1538 2160 ab

267 2201 410 2283 antiquis
443 2199 660 2283 scriptoribus
693 2201 867 2284 quidquam
903 2198 1059 2268 traditum
1094 2206 1155 2280 est,
1179 2219 1286 2283 neque
1310 2201 1377 2268 ulla
1401 2203 1540 2284 uestigia

268 2309 338 2374 eius
362 2308 402 2372 ab
425 2307 521 2373 huius
544 2308 664 2373 aetatis
689 2309 929 2375 scrutatoribus
965 2307 1169 2390 antiquitatis
1193 2313 1479 2376 monumentorum
1507 2311 1539 2376 in

268 2421 358 2480 terra
380 2421 514 2497 roperta
537 2422 622 2494 sunt,
641 2421 677 2480 ut
700 2416 848 2481 dubitare
872 2418 974 2482 liceat
997 2434 1061 2482 uon
1086 2415 1190 2480 solum
1219 2417 1259 2482 de
1283 2417 1356 2482 loco
1382 2414 1462 2496 eius,
1485 2439 1540 2484 ve·
1636 2459 1637 2472 τ

268 2539 339 2588 rum
365 2523 462 2587 etiam
487 2521 627 2587 fueritne
654 2523 784 2587 omnino
809 2525 842 2588 in
866 2525 1004 2588 theatro.
1030 2524 1121 2600 Quae
1146 2542 1218 2588 curm
1245 2523 1291 2590 ita
1314 2524 1390 2602 sint,
1427 2543 1538 2592 assen-

268 2631 334 2695 tior
359 2629 665 2707 scholiastaehaeo
690 2630 887 2712 simpliciter
911 2628 1085 2712 explicanti
1111 2631 1178 2695 ἀντὶ
1200 2635 1256 2695 τοθ
1286 2633 1320 2698 έν
1343 2638 1387 2714 τῷ
1405 2634 1539 2716 θεάτρῳ,

268 2740 355 2822 (nam
391 2739 478 2817 παρὰ
511 2743 556 2822 τῷ
589 2737 630 2800 Δ.
656 2742 707 2802 ast
744 2739 851 2819 „domi
887 2737 1042 2818 Bacchit,
1066 2738 1181 2804 domus
1210 2743 1318 2805 autem
1343 2739 1465 2806 Bacchi
1488 2745 1541 2806 est

267 2846 447 2928 theatrum)
472 2845 639 2927 totiusque
662 2845 759 2912 huius
783 2844 849 2912 loci
873 2845 1069 2912 sententiam
1095 2847 1142 2912 sic
1159 2843 1327 2926 intellego:
1349 2845 1537 2927 ,Cratinum

268 2960 404 3037 propter
428 2952 587 3018 victorias
620 2952 691 3018 eius
729 2955 867 3020 decebat
898 2972 962 3020 nou
987 2955 1020 3019 in
1044 2972 1164 3019 scaena
1192 2953 1344 3035 ineptire,
1370 2955 1428 3019 sed
1453 2955 1538 3020 inter

269 3065 471 3142 spectatores
496 3061 611 3126 sedare
634 3059 818 3138 florentem,
842 3063 997 3128 laetum“:
1022 3081 1096 3127 nam
1121 3062 1253 3140 λιπαρός
1276 3080 1338 3126 non
1362 3061 1466 3126 solum
1492 3062 1538 3128 ui·

271 3170 371 3234 tidum
395 3169 447 3232 vel
471 3169 555 3234 bene
580 3173 712 3234 unctum
738 3167 910 3255 significat,
927 3171 984 3235 sed
1008 3170 1106 3235 etiam
1134 3170 1221 3234 omni
1246 3189 1284 3234 ex
1308 3175 1404 3251 parte
1422 3170 1538 3236 floren·

268 3281 335 3339 tem
359 3274 409 3342 uel
434 3274 566 3340 laetum:
591 3275 630 3341 cf.
654 3275 735 3342 Nub.
763 3280 847 3341 1002
873 3281 1005 3356 λιπαρὸς
1040 3280 1090 3342 καὶ
1125 3277 1262 3355 εὐανθὴς
1296 3278 1330 3342 ἐν
1354 3279 1539 3356 γυμνασίοις
1637 3273 1638 3356 l

270 3381 450 3459 διατρίψεις.
474 3380 555 3447 Χοιι.
581 3381 667 3446 Hist.
692 3402 738 3463 gr.
766 3386 796 3460 6,
822 3389 851 3464 4,
880 3385 920 3446 16
943 3389 978 3465 τῇ
1004 3381 1032 3446 δ’
1057 3384 1209 3465 ὑστεραίᾳ
1232 3384 1270 3460 ἠν
1297 3381 1388 3459 ὁρᾶν,
1413 3382 1460 3448 ὧν
1484 3384 1539 3462 μὲν

270 3489 445 3553 ἐτέθνασαν
481 3490 510 3553 ol
541 3490 777 3568 προσήκοντες,
801 3491 1034 3569 λιπαροὺς
1072 3493 1122 3555 καὶ
1160 3491 1392 3569 φαιδροὺς
1429 3491 1464 3554 έν
1497 3496 1539 3573 τῷ

270 3601 403 3679 φανερῷ
440 3595 753 3674 ἀναστρεφομένους,
780 3597 826 3662 ὧν
862 3598 897 3662 δὲ
931 3602 1048 3676 lower
1082 3599 1265 3676 ἠγγελμένοι
1293 3597 1387 3675 ἦσαν,
1412 3597 1539 3674 ὀλίγους

270 3703 309 3766 ἀν
323 3701 415 3782 εἶδες,
429 3702 563 3780 τούτους
587 3704 622 3766 δέ
642 3706 953 3784 σκυθρωποὺς
977 3709 1028 3772 καὶ
1061 3704 1316 3782 ταπεινοὺς
1350 3704 1539 3782 περιιόντος.

270 3813 379 3874 -672
393 3811 534 3893 ᾔσθοντο
558 3811 616 3886 τὰς
641 3809 749 3889 ἀφύας
772 3811 846 3889 παρ’
867 3811 941 3891 ἡμῖν
966 3813 1064 3891 ἀξίας.

314 3917 350 3982 Ν.
376 3921 438 3981 ton
457 3917 549 3995 Ιπαρὰ
572 3920 655 3982 τοῖσι
678 3921 951 3998 φαρμακοπώλαις
974 3922 1032 3998 τὴν
1055 3920 1286 3999 λίθονταύτην
1311 3922 1459 4000 ἑόρακας

315 4023 353 4089 V.
378 4027 441 4090 278
460 4023 736 4104 ’δριμύτατος-»ἠν
756 4032 821 4092 τῶν
843 4028 920 4106 παρ’
946 4028 1030 4108 ἡμῖν,
1044 4027 1140 4108 quod
1165 4047 1227 4094 non
1252 4029 1388 4092 multum
1414 4029 1538 4097 abesto

270 4139 318 4211 δρ.
347 4131 386 4209 ἦν
409 4131 509 4212 ἡμῶν.
535 4131 695 4198 Similiter
718 4152 777 4200 nos
802 4134 940 4201 dicimus
968 4137 1103 4216 ,nauum
1131 4137 1247 4202 codem
1264 4135 1332 4200 fore
1351 4154 1460 4215 sensu,
1478 4155 1538 4218 quo

275 4242 376 4320 ,un“.
401 4243 462 4304 611
489 4242 682 4321 καθεζομένη
706 4238 781 4319 παρ’
807 4241 883 4320 ἐμοί.
909 4241 1066 4308 Similiter
1090 4243 1175 4324 apud
1194 4242 1291 4308 verba
1308 4242 1440 4307 sedendi
1459 4245 1539 4308 hanc
1637 4277 1638 4290 ι

270 4347 546 4432 praepositionem
564 4368 635 4412 cum
660 4349 725 4413 dat.
739 4349 919 4414 invenimus
940 4351 972 4413 in
997 4351 1055 4415 dv.
1082 4355 1155 4429 7283
1174 4369 1245 4415 cum
1271 4367 1339 4416 acc.
1357 4351 1390 4414 in
1406 4350 1446 4415 V.
1467 4354 1537 4416 392.

271 4455 331 4520 Αν.
355 4457 428 4520 til.
452 4453 508 4520 Ec.
536 4459 721 4522 trus-809
746 4458 948 4537 ἀμὶς-παρὰ
972 4461 1027 4523 σοὶ
1057 4457 1254 4540 κρεμήσεται.
1283 4457 1365 4521 1197
1389 4457 1464 4535 παρ’
1487 4459 1537 4522 ἀν-

272 4565 366 4644 δράσι
389 4567 489 4646 Ξένοις
512 4567 622 4632 πίνων.
