3298 5368
827 492 992 551 -,.8η..

293 688 296 702 ·
327 659 357 737 β)
379 655 428 720 Pl.
455 660 538 721 1113
566 657 673 735 ἤρξατ’
698 658 739 722 ἑξ-
755 658 855 736 ἀρχῆς
880 660 1013 736 βλέπειν.

268 775 282 787 ”
325 767 357 844 γ)
382 765 417 831 P.
443 769 505 829 901
532 764 646 846 (cant.)
671 763 1028 842 μῑξον-νὴμᾶς-τιάλιν
1053 765 1084 831 ἐξ
1108 763 1209 844 ἀρχῆς
1232 765 1338 843 φιλίας
1355 769 1453 847 χυλῷ.
1471 765 1550 827 1321

280 871 395 955 (aaut.)
418 872 801 948 τάγαθὰ-συλλέξασθαι
822 871 915 934 πάλιν
939 872 970 937 ἐξ
1000 872 1109 950 ἀρχῆς.

324 977 373 1042 ΡΙ.
399 981 459 1042 221
487 980 526 1056 ἤν
549 997 584 1054 γε
608 978 836 1055 πλουτήσωσιν
860 980 892 1042 ἐξ
916 978 1015 1056 ἀρχῆς
1038 980 1140 1043 πάλιν.
1166 981 1229 1042 806
1256 978 1281 1041 εἰ
1303 979 1398 1043 πάλιν
1420 977 1505 1054 ἀναβ
1526 977 1553 1038 έ-

275 1103 369 1160 -ψειεν
393 1085 427 1147 ἐξ
448 1083 559 1161 ἀρχῆς.

325 1189 356 1264 δ)
379 1189 415 1253 R.
444 1193 527 1252 1131
554 1189 644 1267 αὖθις
668 1192 699 1254 ἐξ
723 1190 823 1269 ἀρχῆς
846 1193 926 1266 λέγε.
1028 1200 1032 1209 ’

326 1296 466 1361 Ceterae
490 1297 651 1361 dictiones
676 1297 736 1360 hae
762 1303 846 1364 sunt:

311 1403 364 1467 ·E.
390 1405 453 1465 412
479 1405 537 1481 οὓς
561 1405 697 1485 (ετοός
721 1403 1141 1483 κονδύλους)-“-ἠνεσχόμην
1165 1404 1199 1467 ἐκ
1222 1405 1362 1467 παιδίου.

325 1511 384 1576 Th:
409 1513 427 1574 2
453 1511 565 1575 ἀπολεῖ
589 1510 617 1588 μ’
641 1512 828 1575 ἀλοῶν-ἐξ
854 1511 999 1574 ἑωθινοῦ.

324 1617 381 1682 Ee.
407 1622 447 1681 85
472 1617 707 1694 ἡκκλησία-ἐξ
731 1618 774 1681 ἕω
798 1618 976 1694 γενήσεται,
1001 1617 1088 1699 quod
1111 1635 1175 1682 non
1199 1624 1251 1681 est
1277 1617 1335 1696 „ab
1361 1634 1482 1706 aurora
1507 1613 1552 1676 in·

280 1725 483 1803 choenicum,
508 1729 546 1786 ut
569 1725 674 1788 vertit
706 1723 860 1796 Brunck„
887 1724 944 1786 sed
969 1726 1000 1790 ἐξ
1024 1724 1067 1788 ἕω
1091 1723 1177 1788 idem
1214 1723 1303 1787 valet
1327 1729 1425 1804 atque
1449 1723 1552 1786 ἕωθεν

280 1833 414 1910 „mane“
454 1829 507 1910 (cs.
535 1833 572 1892 A.
599 1832 640 1892 20
665 1832 833 1908 ἐκκλησίας
870 1832 1030 1913 ἑωθινῆς),
1054 1835 1091 1894 ut
1125 1829 1294 1912 temporie,
1324 1847 1474 1893 auroram
1503 1845 1554 1890 se·

279 1937 421 2016 quentis
445 1936 535 2000 nulla
558 1937 642 2000 ratio
667 1937 840 2001 habeatur.
868 1934 901 2002 V.
927 1937 991 2001 ἀπό
1016 1939 1058 2001 ΙΙ.

323 2043 433 2123 Neque
458 2043 598 2107 alienum
625 2050 676 2108 est
698 2045 753 2108 hic
776 2045 886 2109 dicere
912 2045 1060 2122 deloco,
1086 2044 1177 2110 valde
1203 2046 1242 2108 ab
1265 2044 1320 2108 λλ.
1345 2046 1399 2112 dd,
1417 2044 1550 2126 agitato„

323 2153 383 2213 riv.
409 2152 473 2213 334
498 2147 577 2214 ἐξότ’
603 2153 738 2226 ἐγένετο,
764 2152 821 2215 ubi
847 2155 878 2217 ἐξ
904 2151 1126 2218 coniunctioni
1157 2153 1330 2233 temporali
1359 2154 1548 2216 adiunctum

279 2260 340 2320 est.
365 2254 461 2318 Hunc
496 2253 602 2319 iocum
639 2261 745 2320 totum
783 2258 974 2336 turpissime
1010 2259 1223 2340 depravatum
1254 2257 1336 2322 dicit
1360 2255 1549 2322 Meinckeus

279 2359 388 2442 (vind.
424 2379 453 2435 p.
483 2359 551 2442 87),
578 2378 647 2423 cuni
684 2368 806 2442 monet,
842 2368 957 2427 contra
992 2383 1119 2428 omnem
1156 2363 1299 2426 omnium
1340 2361 1547 2442 antiquorum

277 2473 450 2549 poetarum
486 2468 757 2532 consuetudinem
794 2469 917 2533 dietum
954 2488 1026 2534 esse
1058 2470 1137 2535 ἐξότ’
1173 2471 1300 2545 ἐγένετο
1335 2487 1394 2549 pro
1419 2469 1449 2533 ἐξ
1472 2467 1547 2529 ὅτου

280 2575 417 2651 ἐγένετο.
452 2573 497 2638 Et
519 2579 610 2638 recte
646 2574 701 2638 ille
728 2576 870 2656 quidem:
895 2576 1066 2641 nonenim
1097 2579 1184 2642 ἐξότε
1209 2577 1271 2642 nisi
1297 2576 1383 2657 apud
1407 2575 1549 2640 seriores

279 2683 460 2762 scriptores
485 2681 629 2747 Graecos
653 2683 787 2764 legitur.
813 2685 966 2747 Attamen
1002 2683 1256 2748 Ruthert'ordius
1282 2683 1418 2764 Argius,
1442 2676 1547 2762 isqui

276 2788 497 2872 Phrynichum
534 2806 639 2868 nuper
675 2789 788 2873 edidit
812 2788 894 2855 hanc
930 2809 1042 2856 vocem
1077 2789 1290 2873 Aristophani
1313 2791 1480 2854 vindicare
1505 2788 1549 2849 vi-

279 2897 386 2972 detur,
423 2913 494 2958 cum
537 2913 606 2957 eam
643 2895 677 2958 in
713 2897 841 2960 cantico
877 2896 1017 2962 inveniri
1052 2899 1193 2963 animum
1229 2897 1370 2961 attendit
1403 2897 1548 2975 aliasque

277 3002 450 3077 dictiones
465 3021 504 3065 ex
520 3002 673 3066 adverbio
692 3008 725 3066 et
741 3005 986 3084 praepositione
1006 3006 1216 3086 compositas,
1237 3004 1330 3068 affort
1343 3004 1388 3085 (p.
1407 3009 1464 3066 111
1478 3002 1546 3082 τη).

322 3112 352 3173 2.
377 3110 414 3172 Α.
441 3111 503 3171 211
529 3111 563 3173 ἐκ
589 3112 762 3189 κραιπάλης
786 3113 1073 3193 ἕωθεν-ῥοφήσει
1096 3115 1252 3193 τρύβλιον.
1280 3113 1401 3177 Eadem
1428 3110 1546 3176 locutio

277 3216 419 3280 recurrit
444 3218 476 3278 in
501 3216 539 3281 V.
568 3219 794 3281 lana-1165
822 3219 923 3284 οἴκαδ’
948 3222 979 3286 ἐξ
1006 3222 1159 3297 ἱππασίας
1181 3223 1327 3299 βαδίζων.

323 3324 360 3385 Ε.
387 3326 450 3384 104
474 3324 595 3401 ὄψομαί
618 3324 649 3388 σ’
672 3327 736 3401 ἐγὼ
761 3327 795 3389 ἐκ
817 3332 874 3404 τῆς
896 3329 1070 3406 προεδρίας
1094 3330 1232 3407 ἔσχατον
1256 3331 1429 3406 θεώμενον.

320 3430 356 3493 V.
382 3431 445 3494 866
471 3432 505 3495 ἐκ
528 3435 584 3495 τοῦ
608 3435 750 3509 πολέμου
775 3437 826 3496 καὶ
849 3437 906 3497 rod
923 3437 1047 3512 νείκους
1064 3432 1253 3514 ξυνεβήτην,’
1268 3436 1324 3516 qui
1342 3437 1434 3499 locus
1452 3433 1542 3498 etiam

277 3537 368 3614 adl,
393 3544 410 3597 1
437 3538 551 3602 referri
580 3544 698 3618 potest.
735 3544 818 3603 1255
844 3541 1001 3604 ἀποτίνειν
1026 3542 1178 3619 ἀργύριον
1202 3543 1236 3605 ἐκ
1260 3544 1444 3620 κραιπάλης.

321 3643 378 3707 Τλ.
404 3646 465 3707 141
490 3647 602 3724 χῶσον
626 3647 660 3709 ἐκ
684 3647 869 3711 Διονυσίων
888 3653 1063 3728 „quantum
1090 3654 1140 3712 est
1163 3647 1327 3712 mensium
1353 3667 1371 3711 a
1395 3647 1544 3729 (novissi-

276 3752 354 3831 mis)
379 3751 580 3833 Dionysiis“‚
605 3753 632 3818 si
656 3761 747 3817 recte
771 3754 972 3835 interpretes
1002 3755 1178 3835 explicant.

320 3857 562 3923 III.·Trclatae
586 3858 856 3941 significationes.

323 3966 354 4049 1)
379 3965 580 4046 Saepissime
617 3966 678 4030 hac
711 3968 957 4049 praepositione
983 3968 1074 4049 ονίρο
1097 3967 1239 4032 hominis
1255 3969 1305 4031 vel
1324 3969 1383 4044 rei,
1398 3965 1543 4034 alicunde
1618 4019 1620 4030 .

276 4074 385 4153 ducta,
410 4074 584 4139 indicatur.
990 4141 992 4146 ,

321 4181 353 4264 a)
376 4181 423 4246 Ac
446 4182 588 4263 primum
625 4183 754 4264 quidem
791 4185 831 4248 de
866 4182 1070 4263 pareatibus
1100 4181 1152 4248 vel
1176 4182 1339 4246 maiorum
1361 4184 1465 4266 stirpe
1488 4183 1541 4246 hoc

275 4304 372 4354 sensu
405 4288 536 4352 dicitur.
1523 4321 1526 4329 .

282 4409 285 4417 '
319 4397 357 4458 Α.
384 4397 424 4458 50
449 4395 737 4473 Φαιναρέτην,νέξ
753 4395 792 4473 ἧς
809 4398 945 4474 Λυκῖνος
962 4398 1098 4472 ἐγένετο.
1112 4400 1173 4460 141
1194 4397 1272 4474 ἦμεν
1290 4398 1322 4462 ἐξ
1341 4397 1464 4474 ἀγαθᾶς
1478 4393 1540 4468 ὑός.

275 4505 339 4567 190
363 4502 652 4582 ὁμοματρία-ἐστὶ
671 4504 729 4580 κήκ
744 4501 858 4566 τωύτῶ
882 4505 1003 4581 πατρός
1022 4503 1176 4586 (hominis
1201 4505 1406 4584 megarensis
1425 4499 1540 4578 verba).

320 4610 357 4673 E.
382 4615 446 4675 445
472 4611 506 4675 ἐκ
530 4617 594 4676 τῶν
619 4611 786 4688 ἀλιτηρίων
810 4613 850 4676 σέ
873 4633 952 4691 φημι
975 4615 1142 4689 γεγονέναι
1171 4617 1236 4676 τῶν
1258 4620 1315 4692 τῆς
1339 4617 1429 4678 θεοῦ.
