3326 5372
767 472 968 533 -nos-

802 737 957 805 roo.
1034 685 1156 757 ·
1274 769 1276 776 1

285 952 337 1019 De
359 953 476 1034 formo.
502 955 711 1037 Praepositio
736 957 810 1033 ὑπό,
835 958 987 1039 genetivo
1013 973 1072 1022 suo
1097 955 1295 1038 postposita
1309 955 1521 1036 anastrophe

240 1057 384 1132 efficitur
409 1065 564 1142 quattuor
588 1061 681 1138 loeis,
706 1063 774 1143 qui
788 1079 900 1129 omnes
924 1062 959 1126 in
994 1063 1137 1135 senariis
1170 1063 1332 1144 leguntur,
1369 1063 1519 1143 qnorum

240 1185 325 1231 unus
352 1165 389 1229 R.
417 1170 502 1229 1244
526 1185 564 1231 ex
587 1167 746 1248 Euripide
771 1169 966 1250 desumptus
1000 1173 1062 1248 est,
1086 1169 1149 1238 duo
1170 1169 1215 1245 rln.
1243 1171 1339 1234 1145.
1366 1170 1458 1234 1146
1485 1165 1521 1230 in

240 1270 1020 1362 Lysistrataeorationeinveniuntur„subli1ni
1055 1293 1173 1358 genere
1208 1274 1337 1346 dicendi
1351 1271 1523 1366 ‚ptentis
1649 1259 1650 1274 ἶ

241 1383 378 1460 quartus
402 1377 462 1444 Ec.
485 1385 507 1446 4
533 1380 600 1464 (ubi
627 1387 735 1446 tamen
758 1382 821 1450 ὕπο
845 1365 986 1451 Kusteri
1005 1382 1226 1454 coniecturae.
1239 1381 1387 1458 debetur,
1415 1379 1523 1447 libris

241 1483 304 1548 ἄπο
327 1483 575 1574 praebentibus)
603 1487 636 1550 in
661 1487 965 1570 parodiastragieae
989 1489 1146 1558 dictionis
1171 1488 1345 1570 reperitur.
1370 1487 1519 1554 Praeter
1649 1495 1650 1560 ,

240 1589 378 1655 formam
402 1593 464 1656 ὑπό
488 1593 520 1656 in
531 1592 715 1682 vcodicibus
737 1597 789 1680 ter
808 1579 1005 1688 'repraesent
1027 1599 1081 1660 tur
1116 1594 1257 1686 poetica
1284 1591 1388 1659 forma
1426 1583 1519 1659 ὑιταίι

241 1698 275 1762 in
298 1697 337 1761 A.
363 1699 437 1778 970,
463 1699 614 1763 omnibns
638 1698 732 1764 libris
758 1700 1038 1766 consentientibus
1074 1701 1164 1780 (ὑπαὶ
1202 1680 1368 1778 πτερύγων
1405 1700 1521 1780 κιχλᾶν

242 1807 292 1868 καὶ
315 1805 482 1887 κοψίχων),
508 1823 572 1885 quo
596 1805 668 1870 loco
692 1805 760 1880 Ar„
784 1808 818 1868 ut
840 1806 932 1900 vele
963 1805 1068 1872 forma
1092 1811 1199 1886 κιχλᾶν
1226 1812 1336 1893 patet,
1370 1805 1520 1888 lyricum

242 1911 376 1993 aliquod
400 1929 532 1975 carmen
556 1911 705 1975 imitatur
722 1908 775 1994 (ef.
795 1913 893 1976 schol.
911 1909 951 1975 V:
968 1911 986 1974 ὁ
1003 1897 1039 1976 δὲ’
1055 1913 1175 1990 τρόπος
1187 1907 1358 1996 ποιητικός.
1377 1917 1522 1992 μιμεῖται

242 2020 277 2081 δὲ.
293 2020 330 2082 τὸ
351 2017 471 2097 μέλος).
489 2018 579 2082 Idem
595 2019 733 2098 praebet
750 2018 893 2099 optimus
912 2018 1013 2083 codex
1029 2017 1108 2082 Rav.
1122 2024 1154 2083 et
1165 2017 1314 2084 nonnulli
1326 2011 1518 2084 deteriores

242 2123 275 2186 in
301 2125 357 2188 Av.
386 2128 469 2187 1426
495 2124 585 2204 (ὑπαὶ
604 2123 770 2199 πτερύγων
793 2125 821 2206 τί
843 2126 1020 2201 προσκαλεῖ
1035 2125 1248 2206 σοφώτερον),
1267 2124 1386 2190 ceteris
1411 2125 1520 2189 usita-
1649 2191 1650 2194 ,

242 2236 308 2294 tam
327 2231 467 2294 formam
484 2228 721 2297 exhibentibus.
747 2229 864 2297 Utrum
882 2229 1055 2312 scripserit
1069 2231 1138 2308 Ar„
1152 2233 1222 2295 etsi
1232 2246 1293 2312 pro
1311 2237 1400 2296 certo
1427 2229 1518 2295 affir-

243 2356 332 2401 mare
356 2354 421 2400 non
445 2336 562 2412 ausim,
589 2340 698 2399 tamen
723 2338 798 2400 birci
821 2337 900 2400 mihi
918 2337 1121 2417 probabilius
1138 2338 1278 2403 videtur:
1303 2357 1374 2403 narn
1402 2358 1445 2402 ex
1463 2356 1519 2402 eo-

244 2445 320 2509 dem
346 2442 490 2508 carmine
512 2442 627 2524 lyrico,
653 2448 750 2522 atque
774 2443 808 2506 in
831 2444 867 2507 λ.
894 2447 968 2522 970,
991 2444 1046 2506 lde
1079 2461 1210 2524 quoque
1244 2446 1406 2509 cornicum
1434 2449 1519 2527 puto

243 2548 487 2633 deprompsisse
511 2549 586 2612 ὑπαὶ
610 2549 784 2626 ττερύγων,
820 2550 859 2612 in
884 2549 1076 2630 quotidiano
1113 2549 1199 2614 enim
1230 2551 1420 2616 Atticorum
1448 2569 1518 2616 ser-

243 2673 338 2730 mone
362 2655 446 2720 hanc
470 2653 666 2721 locutionem
691 2653 794 2720 luisse
818 2673 933 2735 parum
958 2655 1126 2736 probabile
1152 2663 1211 2720 est
1254 2657 1383 2722 Tertius
1419 2659 1519 2722 locus

244 2770 296 2830 est
318 2763 356 2825 ll.
384 2767 477 2837 1481,
503 2761 661 2829 ubiolim
685 2761 855 2843 legebatur
878 2766 1018 2840 πλευρὰν
1052 2765 1245 2842 λυγίσαντος
1281 2766 1358 2830 ὑπαὶ
1393 2765 1519 2844 ῥώμης,

243 2889 330 2938 nuno
364 2888 412 2934 en
445 2869 576 2950 optimis
614 2867 709 2934 libris
733 2870 863 2934 *usitata
898 2869 1001 2934 forma
1034 2873 1126 2935 recte
1161 2871 1316 2936 restituta
1352 2877 1412 2949 est3
1439 2870 1518 2936 ὑπαί

243 2983 352 3044 autem
377 2977 441 3052 hic,
465 2981 512 3040 ut·
525 2975 611 3039 alibi·
626 2975 713 3040 haud
728 2994 811 3040 ⁴raro
836 2975 879 3059 (v.
904 2977 1000 3044 Thes.
1013 2997 1041 3042 v.
1067 2977 1159 3054 VIII,
1182 2997 1214 3059 p.
1233 2979 1322 3062 1189),
1343 2978 1515 3043 alibrario

243 3085 374 3151 videtur
399 3082 612 3152 substitutum
637 3082 926 3161 esse,.neseiente,
949 3084 1128 3161 plitteram
1144 3085 1395 3164 praecedentem
1418 3101 1518 3150 voee-

243 3195 307 3256 lem
332 3209 391 3272 per
416 3206 451 3253 se
468 3189 649 3269 producere
669 3189 723 3272 (ef.
741 3190 860 3258 Rnaeh.
879 3191 968 3270 „Der
985 3191 1069 3258 Dial.
1087 3192 1143 3257 des
1160 3193 1355 3273 Hesiodosi³
1373 3211 1403 3274 p.
1423 3191 1516 3274 463).

288 3297 341 3364 De
364 3317 435 3363 uso.
462 3297 629 3380 Genetivo,
646 3299 794 3367 inimum
819 3301 967 3384 ὑπό,1,57
993 3301 1088 3376 loeis,
1106 3300 1302 3366 Jaocusativo
1323 3304 1377 3379 12,
1403 3301 1515 3368 dativo

246 3404 374 3472 eloris
398 3404 550 3490 legimus.
628 3402 632 3409 ’
1281 3427 1286 3435 ’

511 3631 549 3694 Α.
585 3629 696 3702 Ὑπό,
732 3645 759 3690 c.
794 3645 888 3707 gen.
926 3629 1246 3703 coniunctum,

289 3805 314 3873 Ι.
338 3805 459 3870 Loeole'
483 3825 581 3871 sensu
605 3805 729 3886 duplici
753 3805 881 3869 ratione
907 3811 1095 3886 usurpatur:
1119 3824 1258 3886 namque

293 3915 324 3997 1)
348 3912 480 3994 Aliquid
503 3911 563 3975 sub
593 3912 702 3994 aliqua
727 3930 763 3975 re
784 3930 857 3977 esse
881 3911 1045 3994 significat
1073 3915 1242 3996 („nope“)‚
1259 3932 1323 3994 quo
1347 3914 1515 3980 intellectu

245 4020 349 4085 Attici
372 4020 437 4086 nisi
462 4021 495 4083 in
518 4019 634 4100 paucis
659 4019 852 4100 quibusdam
885 4019 1049 4102 certisque
1087 4021 1310 4086 locutionibus
1335 4021 1411 4104 (ὑπὸ
1445 4027 1514 4098 γῆς,

245 4129 309 4193 ὑπὸ
334 4129 448 4210 μάλης)
470 4127 657 4212 genetivum
682 4129 920 4210 praepositioni
952 4134 1017 4194 non
1052 4129 1148 4195 facile
1186 4117 1386 4196 adiunxisse
1404 4125 1515 4194 viden·

246 4243 311 4312 tur,
335 4233 479 4297 dativum
504 4235 695 4316 saepissime
721 4235 873 4316 omnique
897 4236 1009 4317 generi
1032 4238 1216 4301 verborum.

289 4340 325 4406 L.
355 4343 417 4404 985
444 4338 639 4418 popu—ono*
656 4344 886 4422 μάλης-ἔχων
911 4343 994 4423 „sub
1016 4343 1146 4408 axilla“.
1183 4343 1247 4408 Sed
1276 4361 1348 4408 eum
1373 4346 1435 4410 ὑπὸ
1458 4341 1514 4420 μά·

247 4453 304 4526 λης
323 4447 486 4514 interdum
513 4449 738 4529 „clanculum“
765 4450 825 4514 vel¹
843 4449 1011 4529 „oeculte“
1039 4449 1146 4515 voleat
1170 4449 1225 4533 (ci.
1251 4451 1342 4516 Dem.
1368 4455 1423 4530 29,
1449 4451 1512 4530 12),

246 4555 359 4620 neseio
382 4574 423 4620 an
447 4557 499 4622 hie
523 4573 651 4638 quoqne
676 4558 758 4620 haee
783 4555 981 4642 significatio
1005 4557 1220 4639 praeferenda
1243 4558 1287 4622 sit
1308 4561 1351 4641 (v.
1371 4557 1406 4622 L.
1435 4559 1512 4622 Din-

247 4661 328 4727 dorl.
353 4663 387 4729 in
411 4663 506 4730 Thes.
529 4682 558 4728 v.
584 4661 621 4742 V,
647 4682 676 4745 p.
705 4665 792 4744 550).
