3328 5370
643 433 820 499 ...53-

82 621 182 686 quam
207 599 409 681 modoino,
444 618 577 669 oausam
610 601 731 684 altera!
749 598 893 681 accedit.
922 599 1010 684 quot
1043 601 1183 680 ἑστάναι.
1219 602 1362 685 quietem

81 707 291 792 significans,
319 708 363 787 εἰς·
385 709 675 794 praepositionem,
701 714 828 779 motum
851 708 1062 785 indicantem,
1101 707 1148 782 ili¹
1172 708 1363 792 quotidiano

81 833 240 882 sermone
257 813 345 881 haud
362 817 432 882 scio
449 837 490 882 an
507 835 570 884 non
586 817 748 883 admittat:
762 835 837 884 narn
854 815 889 884 in
905 817 1162 888 Phoenissorum
1178 816 1363 901 fragmento

82 927 150 988 558
175 921 223 1000 εἴς
244 943 278 988 τε
303 924 486 1004 μονομάχου
514 924 618 1001 πάλης
635 923 746 999 ἀγῶνα
768 927 834 991 νῦν.
842 923 976 1006 ἑστᾶσιν
993 921 1233 1072 Aristophanes
1246 924 1362 1005 procul

82 1030 186 1099 dubio
211 1028 400 1108 εὐριπιδίζει.
1369 1067 1372 1074 ·

133 1137 323 1219 Sequuntur
346 1136 438 1203 varia
469 1101 630 1220 exempla.

135 1243 174 1310 Ν.
203 1247 284 1310 1080
307 1243 352 1324 εἰς
373 1246 431 1313 τὸν
453 1242 506 1311 Δί’
529 1245 749 1330 ἐπανεγκεῖν,
754 1243 837 1317 lovi
852 1247 1248 1330 impone“=„exeorolo
1273 1246 1364 1317 Jovis

91 1357 124 1416 te
154 1352 304 1418 excusa“.
487 1389 492 1394 ·

133 1455 258 1523 hors
283 1456 363 1533 ἡδὲ
386 1455 595 1537 φέροιτέἰς
619 1458 677 1538 τήν
699 1466 770 1539 γῆν.
867 1467 871 1482 “

31 1573 32 1576 ’
132 1565 170 1630 R.
198 1566 281 1629 1381
309 1562 429 1641 τοῦπος
452 1566 510 1629 νῦν
533 1565 662 1642 λέγετον
686 1565 730 1646 εἰς
753 1567 810 1634 τὸν
834 1566 979 1647 σταθμόν
1013 1567 1170 1649 „verbum
1205 1569 1309 1636 dieite
1331 1569 1364 1636 in

90 1674 204 1739 libram
230 1672 283 1738 vei
310 1673 471 1753 lancem“‚
497 1690 561 1755 quo
585 1673 617 1738 in
641 1692 739 1739 uersu
763 1674 843 1739 Rau.
878 1676 928 1742 ἐπὶ
950 1676 1008 1740 τὸν
1032 1691 1081 1742 στ.
1118 1676 1266 1758 υνυσυαλ.
1303 1674 1366 1744 Sed

91 1783 132 1861 εἰς
154 1797 255 1846 versu
283 1782 367 1845 1407
391 1771 587 1859 defenditur,
612 1781 645 1847 in
669 1781 748 1853 Rau.
773 1787 882 1848 autern
915 1782 1082 1864 scriptura
1104 1783 1239 1865 paulum
1262 1779 1365 1850 offen-

92 1889 137 1954 dit
159 1893 361 1970 anapaestus
386 1888 456 1954 sinc
481 1888 748 1971 interpunctione
772 1889 974 1959 tribrachum
1000 1889 1177 1972 excipiens,
1195 1890 1284 1973 quod
1302 1889 1365 1957 etei
1394 1863 1401 1886 ⁸

94 2014 153 2064 non
178 2002 231 2063 est
255 1995 439 2062 inauditum
463 1998 507 2079 (ν.
531 1995 614 2066 inira
637 1997 741 2084 κατά),
758 2001 868 2066 taiuen
883 1996 1090 2066 rarissimum
1114 2002 1181 2064 est.
1203 1995 1366 2064 Similiter

96 2103 225 2172 confusa
250 2108 330 2171 sunt
352 2105 401 2170 ἐπὶ
426 2109 457 2170 et
481 2106 526 2184 εἰς
561 2105 595 2173 in
618 2104 658 2170 Ε.
684 2110 813 2171 760.-
829 2108 914 2170 1407
940 2104 984 2184 εἰς
1007 2106 1065 2170 τὸν
1089 2106 1233 2185 σταθμὸν
1257 2105 1365 2184 ἐμβάς.

96 2216 174 2281 1441
202 2212 258 2298 (εἰ)
285 2212 423 2298 ῥαίνοιεν
449 2214 493 2291 εἰς
516 2216 555 2280 τὰ
581 2215 726 2294 βλέφαρα
748 2218 813 2280 τῶν
836 2213 997 2286 ἐναντίων.
1033 2212 1130 2280 Ηυιιο
1153 2229 1286 2281 vorsum
1309 2229 1367 2294 pa-

93 2323 170 2387 riter
194 2327 297 2402 atque
323 2337 391 2400 eos,
416 2320 473 2405 qui
497 2321 711 2403 praecedunt,
736 2322 800 2387 ianr
825 2321 865 2385 ab
896 2319 1089 2386 Aristarcho
1124 2323 1158 2385 et
1190 2315 1367 2402 Apououio

94 2447 150 2509 pro
175 2426 378 2507 adulterinis
401 2428 530 2495 habitos
560 2429 760 2500 scholiastae
788 2429 980 2496 testimonio
1008 2433 1148 2499 aanor
1174 2429 1222 2496 Do
1248 2427 1309 2502 hat
1329 2444 1366 2494 re

93 2537 166 2602 vide
192 2534 333 2600 Vahleni
358 2553 387 2617 p.
414 2542 444 2602 8.

139 2647 224 2710 1522
250 2645 296 2724 εἰς
318 2647 376 2712 τὸν
400 2648 767 2726 θᾶκον-ἐγκαθεδεῖται

136 2752 195 2819 Eo.
222 2753 324 2818 347‘
314 2774 365 2818 ινα
388 2757 429 2834 μὴ
456 2751 607 2835 ’γχέσαιμ’
632 2755 676 2834 εἰς
700 2756 758 2836 τήν
781 2755 929 2834 σισύραν.
960 2754 1145 2819 958-τ967
1169 2748 1368 2830 ascholio-

91 2864 224 2931 ἱκέσθαι.

136 2969 190 3038 Fr.
216 2973 281 3034 379
306 2971 349 3049 εἰς
372 2972 430 3049 τὴν
463 2972 836 3050 Πάρνηθα-φροῦδαι,
874 2974 948 3048 558,
986 2975 1001 3035 1
1035 2969 1070 3048 ἐς
1093 2968 1168 3052 (εἰς)
1192 2966 1368 3038 Οἰδίπου·-

93 3081 242 3142 soloe-.-
255 3076 355 3158 Ἄρης
384 3079 576 3156 κατέσκηψε.

138 3183 213 3252 Ηυο
236 3183 320 3250 addo
343 3183 426 3250 duos
449 3183 554 3263 locos,
579 3183 698 3267 quibus
722 3181 768 3260 εἰς
792 3201 865 3250 cunr
889 3183 1021 3250 nomine
1046 3197 1118 3257 suo,
1143 3197 1184 3245 ex
1206 3176 1307 3244 uerbo
1323 3175 1368 3245 ie·

95 3292 200 3360 riendi
224 3309 432 3374 suspensum,
458 3310 530 3358 eam
554 3298 680 3376 partem
706 3291 856 3374 corporis
880 3287 933 3358 uel
956 3290 989 3358 id
1016 3287 1248 3354 vestimentum
1267 3283 1368 3368 signi·

94 3400 181 3478 ficet,
207 3398 295 3482 quod
323 3399 520 3482 percutitur.

139 3506 177 3572 N.
200 3508 265 3572 ato
291 3505 407 3572 Κλέων’
429 3506 535 3574 ἔπαισ’
559 3508 603 3586 εἰς
625 3509 683 3586 τὴν
707 3508 859 3586 γαστέρα.
939 3564 942 3574 .

140 3613 182 3677 V.
209 3615 294 3680 1t288
319 3613 528 3694 θυννάζοντες
552 3615 596 3694 εἰς
619 3615 696 3691 τοὺς
719 3616 881 3692 θυλάκους
914 3617 1088 3694 „tanquam
1123 3609 1266 3690 thynnos
1289 3623 1370 3688 pull·

97 3728 212 3804 gentes
237 3739 296 3788 eos
318 3721 352 3791 in
376 3724 525 3788 bracas‘.
1376 3735 1379 3744 ’

143 3831 176 3914 5)
200 3830 281 3896 Cum
305 3830 426 3911 plurali
459 3849 595 3899 nurnero
619 3829 800 3905 nominum,
824 3826 1004 3894 animantia
1030 3822 1296 3908 significantium,
1320 3819 1372 3886 vol

100 3955 172 4002 curn
197 3935 356 4019 singulari
379 3935 546 4002 nominum
572 3935 817 4003 collectivorum
850 3934 1072 4016 coniunctum,
1107 3931 1153 4011 εἰς
1175 3934 1299 3996 motum
1323 3926 1373 3992 in·

101 4043 246 4110 dicatio
269 4044 454 4114 societatem
477 4042 610 4110 iliorum
636 4043 853 4112 animantium
876 4042 1051 4121 directuno
1086 4056 1156 4123 quo¹
1177 4039 1210 4104 in
1234 4052 1372 4104 numero

102 4152 291 4233 primarium
316 4153 422 4219 locuni
447 4157 539 4217 tenet
562 4151 701 4218 formula
725 4154 758 4230 ἐς
783 4153 922 4230 κόρακας
948 4149 1000 4236 „in
1025 4148 1144 4216 malam
1174 4147 1279 4227 reur“,
1302 4143 1372 4212 siue

102 4261 249 4327 {obsolute
274 4259 371 4339 dicta,
397 4260 465 4326 siue
490 4277 529 4324 cx
553 4261 662 4343 aliquo
687 4259 786 4326 verbo
810 4275 981 4340 suspensa.
1025 4255 1088 4340 (Da
1123 4253 1250 4338 origine
1273 4249 1371 4320 nutu·

103 4366 264 4446 prouerbii
288 4386 318 4432 ν.
343 4363 445 4435 schol.
469 4365 509 4433 ad
532 4364 570 4432 N.
598 4370 660 4432 133
686 4370 720 4430 et
743 4365 791 4432 Pl.
818 4363 909 4449 394).
944 4361 1049 4441 Quam
1084 4360 1262 4426 dictionem
1298 4371 1371 4424 cum

105 4472 155 4538 his
178 4473 288 4540 verbis
312 4472 518 4539 coniunctam
543 4472 739 4553 reperimus

149 4586 283 4664 βάλλε
296 4602 343 4650 ru:
368 4581 455 4665 βάλλ’
470 4582 506 4661 ἐς
521 4603 549 4645 κ.
562 4577 600 4645 N.
617 4581 690 4646 133.
706 4577 745 4645 V.
758 4579 834 4646 835.
849 4575 909 4644 lh.
925 4577 1020 4644 1079.
1033 4572 1082 4640 Pl.
1099 4573 1172 4637 782.
1189 4569 1243 4636 Fr.
1260 4569 1372 4648 4623.

106 4690 243 4758 Verbum
267 4691 321 4757 hic
345 4689 555 4757 intransitive
580 4686 723 4770 positum
748 4705 822 4754 esse
855 4685 983 4752 uidetur
1012 4700 1067 4764 „se
1104 4677 1287 4750 couierre“:
1310 4692 1373 4742 nec
