3298 5368
636 444 808 504 ,η-

135 610 273 674 οἰκία;
297 608 335 677 N.
361 613 423 676 123
448 611 545 678 ἐξελῶ
568 608 601 676 σ’
625 609 660 687 ἐς
682 609 823 688 κόρακας
845 607 881 672 ἐκ
902 610 960 685 τῆς
983 605 1093 685 οἰκίας.
1121 608 1184 672 602
1213 609 1308 676 ἐξελῶ
1334 604 1362 672 ’κ

93 719 145 794 τῆς
167 716 271 794 οἰκίας
294 716 434 800 (αὐτόν).
834 777 838 784 ,

130 821 178 914 la¹
192 825 259 888 666
284 823 361 902 αὕτη
385 823 506 901 ’ξῆλθεν
528 825 565 890 ἐκ
587 828 645 902 τῆς
669 822 779 901 οἰκίας.

133 928 192 998 Ec.
218 936 258 994 65
283 933 321 996 τὸ
343 932 522 1009 ξυρὸν-ἐκ
544 935 602 1009 τῆς
625 930 724 1007 οἰκίας
748 931 874 1007 ἔρριψα.

130 1038 180 1107 Pl.
206 1042 271 1103 205
295 1039 403 1117 εἰσδὺς
425 1041 486 1118 γάρ
508 1059 596 1115 ποτε,
623 1038 683 1104 οὐκ
707 1038 790 1118 εἰχεν
813 1039 849 1102 ἐκ
883 1041 939 1116 τῆς
973 1037 1072 1116 οἰκίας
1107 1037 1204 1102 οὐδὲν
1238 1039 1358 1116 λαβεῖν,

89 1145 192 1223 εὑρὼν
216 1145 425 1211 ἁπαξάπαντα
448 1147 710 1230 κατακεκλῃμένα,
742 1143 795 1208 εἰτ’
830 1145 982 1224 ὠνόμασέ
1017 1165 1078 1224 μου
1113 1145 1172 1222 τὴν
1204 1142 1359 1222 πρόνοιαν

90 1255 214 1319 δειλίαν.
239 1255 290 1318 lta
313 1254 447 1337 scripsit
471 1255 631 1321 Valsenus
654 1254 694 1318 dc
718 1252 834 1318 Bothei
866 1254 1065 1331 coniectura,
1100 1270 1173 1320 cum
1203 1252 1278 1318 libri
1313 1252 1358 1329 εἰς

89 1361 141 1437 τὴν
164 1359 268 1426 οἰκίαν
290 1361 478 1442 praebeant.
504 1361 566 1426 llic
589 1361 684 1426 video
708 1361 761 1427 hb.
785 1359 837 1424 dd.
862 1359 954 1426 valde
977 1360 1063 1426 inter
1097 1378 1133 1425 sc
1168 1359 1354 1426 dissentire.

86 1467 148 1530 alii
173 1467 261 1531 anim
287 1467 337 1550 (nt
372 1466 587 1550 Bambergius
615 1471 710 1546 1869,
736 1486 768 1549 ρ.
796 1470 834 1530 19
858 1475 892 1532 et
927 1471 966 1532 31
1003 1467 1067 1550 sq.)
1104 1466 1254 1532 codicum
1278 1465 1358 1530 scri·

85 1579 214 1652 pturam
239 1572 426 1651 defendunt,
450 1574 519 1652 alii,
543 1573 740 1638 traiectione
775 1573 950 1638 verborum
983 1571 1197 1638 insolentiorc
1231 1570 1357 1648 offensi,

85 1689 140 1744 ant
164 1681 266 1746 verba
290 1687 508 1762 transponunt
530 1681 582 1764 (ut
603 1681 763 1761 Blaydes„
789 1681 844 1762 qui
868 1681 912 1758 εἰς
936 1680 1037 1744 οἰκίαν
1062 1679 1121 1744 οὐκ
1145 1679 1227 1758 εἰχεν
1244 1679 1357 1744 obortu

82 1791 193 1866 λαβεῖν
216 1787 358 1871 scribit),
381 1795 440 1853 aut
462 1789 506 1865 εἰς
528 1790 586 1866 τὴν
611 1789 711 1854 οἰκίαν
736 1789 769 1852 in
792 1789 827 1852 ἐκ
850 1792 906 1865 τῆς
931 1788 1031 1865 οἰκίας
1054 1791 1182 1851 mutent
1203 1785 1254 1868 (ut
1277 1783 1356 1849 Vel·

83 1896 210 1972 serus),
233 1899 291 1960 aut
314 1895 455 1976 denique
479 1902 586 1961 totum
610 1914 742 1962 versum
767 1896 830 1958 205
857 1895 968 1960 delent
991 1894 1043 1976 (ut
1065 1893 1305 1960 Herwerdcnns
1323 1892 1357 1957 iu

82 2003 188 2067 Anall.
214 2003 302 2069 critt.
330 2007 422 2080 1668,
459 2022 492 2086 p.
516 2005 583 2084 55).
620 2003 684 2068 Sed
713 2001 893 2067 mutatione
930 1999 1012 2066 nihil
1047 2019 1129 2082 opus
1165 2016 1241 2065 esse
1274 1998 1356 2064 satis

82 2109 161 2174 milri
184 2109 314 2175 videtur
337 2110 582 2176 demonstrasse
606 2111 778 2192 Bamberg.
801 2110 822 2174 l.
850 2129 887 2176 c.:
912 2128 987 2174 nam
1012 2115 1047 2172 et
1070 2107 1235 2174 eiusmodi
1257 2105 1357 2172 collo-

82 2214 224 2280 cationis
249 2215 423 2280 verborum
447 2217 595 2298 exempla
618 2217 704 2298 apud
727 2219 782 2280 Ar.
806 2234 871 2280 non
895 2233 997 2295 pauca
1024 2213 1164 2280 inveniri
1192 2213 1236 2296 (v.
1261 2212 1357 2278 Bam·

81 2323 170 2406 berg.
195 2343 227 2403 p.
254 2328 306 2398 19,
331 2323 461 2390 Bacbnr.
486 2343 515 2405 p.
541 2328 596 2402 89,
630 2324 779 2406 Blaydes.
811 2321 906 2388 adh.
930 2322 978 2404 l.),
1002 2322 1135 2396 etaim,
1162 2321 1278 2404 ἔπειτα,
1303 2320 1357 2386 κᾶ-

81 2449 179 2508 πειτα
203 2429 284 2512 κᾷτα
307 2430 479 2510 particulis
503 2448 568 2497 non
591 2430 697 2496 solum
721 2430 907 2512 participia,
932 2429 1115 2494 sedetiam
1142 2427 1242 2492 verba
1264 2424 1357 2490 finita

81 2536 186 2617 excipi
211 2553 320 2617 posse.
346 2536 438 2614 Quod
463 2545 573 2602 autem
597 2538 788 2602 Meinakeus
822 2536 931 2616 (vind.
966 2555 999 2618 p.
1035 2536 1124 2618 209)Ὶ
1160 2533 1354 2616 Bleydesius

82 2643 135 2707 alii
170 2643 205 2708 in
240 2644 393 2719 articulo,
419 2645 490 2710 voci
519 2646 620 2710 οἰκίον
644 2647 806 2726 apposito,
829 2645 1019 2718 haeserunt,
1048 2651 1137 2708 recte
1173 2659 1232 2706 eos
1267 2641 1354 2706 idem

81 2750 294 2832 Bambergius
318 2769 348 2831 p.
375 2755 414 2815 19
450 2750 583 2826 refutet,
607 2752 695 2832 quod
719 2753 835 2820 Plutus
859 2770 894 2818 se
917 2771 947 2814 ν.
973 2754 1036 2818 205
1061 2768 1125 2816 non
1157 2749 1198 2814 de
1230 2748 1354 2832 aliqua,

80 2856 136 2920 sed
159 2857 199 2922 de
223 2876 263 2922 ea
286 2858 381 2924 domo
405 2875 550 2930 narrare.
577 2860 610 2924 in
634 2879 698 2940 qua
720 2859 792 2939 ipse
824 2858 1031 2934 habitaverit,
1067 2856 1207 2921 articulo
1243 2855 1353 2920 addito

81 2963 203 3046 optimc
227 2964 362 3031 indicet.
386 2965 471 3030 Illud
495 2983 571 3032 vero
595 2964 817 3040 Herwerdeni,
839 2965 896 3029 ubi
920 2982 1030 3030 sermo
1047 2965 1092 3030 sit
1107 2963 1146 3028 de
1163 2961 1351 3045 perfossum

81 3071 239 3150 parietum
265 3071 353 3138 nullo
378 3071 578 3138 adverbum
604 3073 787 3137 stabulentur
804 3071 1025 3136 additamento
1044 3089 1126 3154 opus
1150 3088 1234 3145 esse,
1258 3070 1352 3152 parvi

77 3175 188 3252 refert,
212 3178 411 3260 praesertim
435 3178 469 3242 in
492 3185 585 3242 tanta
609 3182 831 3260 exemplorum
867 3178 1045 3258 paucitate:
1081 3178 1162 3243 licet
1197 3177 1283 3242 enim
1319 3177 1352 3240 id

78 3282 334 3348 additamentum
358 3303 424 3350 non
447 3285 493 3352 sit
514 3285 752 3352 necessarium:
776 3285 850 3350 addi
873 3303 940 3350 aaa
968 3284 1128 3364 potuisse,
1167 3287 1239 3366 quis
1275 3301 1352 3350 con-

77 3388 205 3455 tendat?

119 3496 266 3575 οἰκος
291 3497 350 3561 Th.
376 3501 438 3562 626
464 3498 632 3563 ἀπόλωλεν
656 3498 674 3562 ὁ
699 3502 805 3564 κανὼν
829 3500 864 3562 ἐκ
886 3503 950 3563 τῶν
975 3498 1083 3564 οίκων.

118 3605 396 3681 παλαίστρας
420 3604 458 3676 N.
486 3607 547 3668 179
567 3607 602 3669 ἐκ
625 3585 682 3685 τῆς
706 3608 903 3684 παλαίστρας
928 3609 1079 3685 θυμάτιον
1102 3608 1261 3687 ὑφείλετο.

118 3710 345 3794 drappos:
369 3710 427 3776 Ec.
452 3713 516 3775 696
539 3714 708 3792 φήσειας
731 3711 830 3780 ἄνωθ’
854 3715 886 3780 ἐξ
910 3703 1084 3800 ὑπερῴου.

120 3816 182 3884 His
205 3835 387 3884 annumero
411 3836 469 3884 eos
493 3819 597 3896 locos,
622 3820 743 3900 quibus
767 3821 980 3904 praepositio,
1004 3822 1156 3903 genetivo
1188 3839 1348 3903 personae

77 3922 236 4006 adunata,
260 3941 324 3990 non
349 3926 391 3990 ad
413 3924 501 3990 hunc
525 3927 680 4010 pertinet,
704 3926 762 3994 sed
785 3926 967 3995 adnomen
993 3927 1162 4004 domicilii,
1194 3926 1279 4008 quod
1303 3937 1348 3992 si·

77 4030 141 4095 mul
165 4031 311 4105 auditur,
334 4033 428 4098 utin
451 4036 486 4099 ἐν
509 4032 631 4110 Ἅιδου,
647 4034 691 4112 εἰς
713 4033 823 4098 Ἅιδου
847 4033 919 4103 sim.

116 4137 152 4204 E.
177 4141 241 4202 467
267 4139 363 4204 οὐδὲν
386 4140 418 4204 ἐξ
442 4141 647 4219 ἁμαξουργοῦ
670 4142 782 4219 λέγεις,
806 4139 862 4206 ubi
885 4161 915 4206 ν.
939 4140 1043 4208 Kock.

115 4242 151 4306 P.
177 4245 264 4310 114⁰
287 4249 343 4311 κάξ
367 4247 444 4325 ἐμοῦ
469 4247 732 4323 ἐνεγκάτω-τὴν
755 4247 873 4326 κίχλην.
903 4252 988 4314 1154
1011 4249 1347 4333 μυρρίνας-αἴτησον

77 4350 105 4414 ἐξ
139 4349 336 4432 'Amoebea
374 4352 460 4434 quod
486 4369 660 4434 perperam
676 4349 838 4436 ¹Bleydcs.
863 4362 897 4418 et
918 4355 1060 4422 hrunclr.
1087 4361 1183 4436 ,pete
1219 4359 1262 4422 ab
1285 4357 1346 4422 A.“

77 4453 338 4538 interpretantur.
