3326 5372
701 487 897 548 -223-

165 658 231 722 σοῦ
255 653 450 721 attributum
476 660 526 720 est
549 651 638 720 vocis
662 651 856 735 παιδάριον),
891 653 1055 735 probanda
1092 658 1143 720 est
1167 653 1337 720 lenissima
1361 653 1445 720 Mei-

164 761 262 830 nekei
285 761 481 842 emendati0;
506 782 536 832 v.
560 780 590 843 p.
616 763 669 826 68.
699 815 701 820 .

212 870 243 954 β)
265 867 376 934 Pina:
399 869 457 934 Av.
484 873 526 934 34
542 869 635 933 ἀστοὶ
651 866 716 948 μετ’
734 868 852 945 ἀστῶν,
871 867 926 932 ubi
942 865 1134 948 Blapdesius
1152 866 1442 936 vehementissime

166 981 264 1051 e1rnt,
291 993 364 1042 eum
389 973 452 1055 μετ’
478 975 591 1053 ἀστοῖς
615 975 648 1040 in
672 973 803 1042 senario
828 973 1039 1040 scribendum
1072 974 1226 1068 conicit
1245 978 1307 1039 155
1332 973 1351 1039 5
1375 974 1442 1054 μετ’

162 1081 305 1163 ὀρνίθων
329 1083 405 1162 βίος.
433 1085 494 1147 753
519 1080 583 1161 μετ’
609 1080 746 1159 ὀρνίθων
769 1083 955 1147 διαπλέκειν.
993 1083 1076 1146 1345
1114 1081 1214 1146 οἰκεῖν
1248 1080 1316 1160 μεθ’
1340 1085 1441 1162 ὑμῶν.

208 1191 241 1269 γ)
266 1188 363 1252 Plur.
383 1193 413 1250 et
435 1189 536 1270 siam:
561 1187 609 1252 Pl.
635 1191 698 1252 383
726 1189 1106 1267 καθεδούμενον-μετὰ
1139 1191 1206 1253 τῶν
1229 1189 1366 1256 παιδίων
1391 1193 1442 1256 καὶ

162 1303 222 1376 τῆς
245 1298 404 1374 γυναικός.
878 1317 882 1324 ’

210 1405 241 1487 δ)
264 1404 339 1470 Huc
361 1402 528 1484 pertinent
551 1420 589 1468 ea
614 1420 742 1484 quoque
766 1401 926 1483 exempla,
949 1401 1004 1468 ubi
1029 1402 1105 1480 μετά
1129 1419 1157 1470 c.
1181 1419 1265 1483 gen,
1284 1421 1323 1466 ex
1341 1401 1441 1468 verbo

160 1511 246 1577 εἶναι
271 1512 458 1594 (γίγνεσθαι)
484 1526 691 1591 suspensum,
719 1509 911 1591 „abaliquo
936 1510 1045 1582 stare“
1070 1508 1167 1574 reddi
1191 1514 1312 1590 potest

208 1621 246 1683 A.
272 1621 334 1684 661
360 1616 478 1683 τὸ-είι
501 1615 564 1696 μετ’
589 1618 668 1696 ἐμοῦ
692 1619 802 1682 καὶτὸ
826 1619 946 1682 δίκαιον
969 1617 1130 1695 ξύμμαχον
1154 1616 1253 1682 ἔσται.

210 1725 244 1788 Ρ.
272 1728 332 1788 165
358 1723 438 1789 είνοιι
462 1723 527 1802 μετ’
555 1725 643 1800 ἐμοῦ.

208 1835 268 1896 Αν.
295 1831 379 1894 1672
403 1831 443 1908 ἢν
467 1826 535 1907 μεθ’
558 1828 649 1909 ἡμῶν
672 1830 721 1912 ᾗς.

208 1939 244 2004 L.
272 1943 330 2002 141
357 1938 415 2002 ἐὰν
436 1936 623 2021 γένῃ-μετ’
648 1937 739 2014 ἐμοῦ.

208 2045 246 2112 R.
272 2046 335 2110 782
359 2041 423 2121 μετ’
448 2042 607 2121 Αἰσχύλου
631 2038 660 2104 δ’
685 2040 745 2106 οῦκ
768 2041 853 2118 ἦσαν
877 2040 978 2118 ἕτεροι
1001 2039 1170 2118 σύμμαχοι.

208 2151 240 2232 δ)
265 2149 313 2214 Ex
329 2149 440 2215 verbis
459 2148 610 2212 movendi
626 2166 821 2229 suspensum
842 2148 926 2226 μετά,
944 2151 980 2211 ut
999 2145 1269 2227 supradiximus,
1294 2146 1436 2227 aliquem

157 2255 277 2322 eodem
301 2255 384 2330 loco,
410 2273 474 2336 quo
498 2254 608 2330 alium,
634 2253 773 2340 moveri,
801 2247 828 2316 i.
854 2272 880 2318 e.
909 2253 1052 2334 aliquem
1078 2268 1151 2316 esse
1176 2252 1329 2316 comitem
1355 2252 1439 2317 alius

166 2358 338 2442 significat.

208 2467 242 2550 α)
267 2461 374 2548 Sina:
397 2466 455 2530 Ec.
481 2470 544 2530 543
569 2466 824 2531 αἱ-Λακωνικαὶ
847 2467 970 2549 ᾤχοντο
995 2468 1071 2544 μετὰ
1094 2468 1167 2530 σοῦ.
1210 2467 1293 2529 1066
1319 2468 1436 2545 χωρεῖς

156 2576 240 2654 μετὰ
262 2573 389 2650 ταύτης.
1012 2589 1016 2600 “

207 2680 257 2744 Pl.
284 2682 344 2742 231
372 2676 436 2758 μετ’
461 2678 538 2755 ἐμοῦ
554 2679 691 2743 -εἴσιθι,
716 2681 779 2743 823
804 2678 884 2742 ἕπου
909 2676 972 2756 μετ’
996 2678 1084 2756 ἐμοῦ.

209 2787 241 2869 β)
267 2783 373 2848 Plura
398 2783 438 2847 V.
465 2787 528 2849 320
552 2780 618 2862 μεθ’
644 2787 733 2863 ὑμῶν
756 2786 869 2848 ἐλθών.

206 2897 242 2964 P.
270 2899 332 2962 116
357 2897 402 2973 ὡς
426 2895 467 2960 σὺ
491 2889 556 2972 μετ’
582 2894 718 2974 ὀρνίθων
741 2898 906 2974 προλιπὼν
930 2896 983 2973 ἐμὲ
1007 2896 1040 2972 ἐς
1063 2895 1202 2973 κόρακας
1228 2900 1328 2974 βαδιεῖ
1344 2917 1437 2976 μετα-

159 3005 291 3083 μώνιος,
316 3001 355 3066 de
380 3019 444 3082 que
470 3001 543 3064 loeo
568 3000 810 3066 Herwerdenus
834 3001 951 3066 miram
968 3001 1197 3083 indignamque
1216 3000 1286 3066 viro
1306 3002 1436 3067 erudito

161 3110 297 3190 scripsit
319 3112 430 3176 notam
455 3106 610 3190 (Hermae
634 3127 664 3174 r.
690 3110 743 3187 24,
770 3126 801 3188 p.
828 3111 913 3190 613).
940 3107 1014 3190 ,,,Ιιι
1036 3107 1098 3184 his,
1123 3108 1239 3189 inquit,
1265 3127 1329 3172 non
1355 3111 1437 3175 satis

157 3217 297 3298 expedio
322 3215 421 3279 rerba
445 3211 509 3292 μετ’
546 3213 696 3291 ὀρνίθων,
734 3233 817 3296 quae
851 3215 1042 3280 cantharum
1077 3220 1227 3296 spectare
1262 3223 1438 3297 nequeunt,

163 3324 316 3404 quoniam
339 3322 392 3386 hie
416 3321 531 3398 ὄρνεον
555 3318 684 3402 quidem
711 3322 775 3387 diei
800 3324 918 3406 potuit,
954 3342 1018 3388 non
1041 3342 1119 3387 vero
1145 3321 1243 3401 ὀρνις,
1279 3323 1328 3388 uti
1352 3323 1440 3389 arbi-

160 3437 242 3508 tror,
268 3437 305 3495 ut
328 3429 367 3492 de
390 3428 510 3510 plurali
534 3446 671 3494 numero
695 3435 834 3506 taceam,
860 3432 915 3512 qui
940 3430 1098 3496 tamenin
1114 3429 1220 3514 lyrico
1241 3431 1437 3511 praesertim

160 3537 306 3602 carmine
328 3535 470 3600 fortasse
494 3552 554 3615 pro
579 3534 738 3618 singulari
762 3534 910 3602 adhiberi
933 3538 1052 3618 potuit.
1079 3535 1143 3600 Vix
1167 3543 1279 3602 autem
1304 3536 1343 3602 de
1370 3535 1439 3601 avi-

162 3647 223 3710 bus
247 3645 280 3708 in
307 3660 410 3726 genus
433 3642 531 3708 dictis
554 3644 653 3708 verba
677 3643 825 3726 intellegi
849 3650 998 3726 possunt,
1023 3643 1101 3726 quia
1115 3662 1193 3709 aves
1210 3645 1353 3725 puellam
1372 3661 1437 3710 non

163 3751 367 3826 deserebant,
392 3748 470 3813 licet
494 3767 576 3830 quae
601 3751 666 3815 alia
689 3751 936 3832 interpretatio,
961 3752 989 3816 si
1013 3751 1113 3816 verba
1138 3768 1217 3816 sana
1235 3757 1321 3828 sunt,
1338 3747 1439 3814 relin-

161 3865 281 3944 quatur
305 3875 369 3924 non
393 3855 488 3922 video
510 3858 558 3940 [!].
584 3857 686 3924 Venit
709 3861 744 3924 in
759 3866 912 3926 mentem:
931 3862 977 3937 ιῦς
992 3863 1248 3939 μετεωροποριῦν
1271 3863 1438 3936 προλιπὼν

158 3967 249 4046 dp&
273 3964 346 4028 Non
370 3963 450 4028 vidit
473 3965 575 4049 igitur
599 3966 649 4030 vir
674 3969 817 4047 optimus
842 3967 898 4032 illa
922 3967 1022 4034 verba
1047 3984 1122 4032 eum
1149 3969 1250 4046 βαδιεῖ
1273 3981 1345 4030 esse
1363 3982 1439 4032 uon-

161 4071 337 4156 inngenda:
361 4069 527 4152 Trygaeus
551 4070 647 4148 enim,
672 4091 731 4154 per
756 4092 864 4138 aerem
899 4075 932 4137 in
969 4073 1097 4138 eaelum
1134 4072 1313 4146 volaturus,
1350 4077 1439 4138 reete

162 4177 282 4244 dicitnr
305 4194 378 4242 eum
403 4179 517 4243 avibus
540 4177 718 4260 proficisci.
814 4170 817 4177 ’
1273 4179 1277 4190 ’

207 4289 262 4348 dv.
291 4287 373 4346 1426
397 4285 478 4366 (ἵνα)
503 4287 579 4362 μετὰ
602 4288 668 4351 τῶν
692 4289 1052 4368 γεράνων-ἀναχωρῶ.
1081 4288 1164 4352 1686
1189 4287 1231 4350 ἴθι
1248 4282 1315 4365 μεθ’
1335 4282 1438 4364 ἡμῶν.

165 4395 249 4456 1692
274 4390 333 4454 οὐκ
357 4389 384 4454 εί
407 4390 475 4471 μεθ’
500 4389 601 4470 ἡμῶν;

206 4497 240 4560 L.
267 4502 328 4562 544
353 4497 453 4562 ἐθέλω
476 4494 509 4564 δ’
532 4500 582 4563 ἐπὶ
605 4503 668 4564 πᾶν
693 4501 772 4566 ἰέναι
800 4504 877 4581 μετὰ
900 4505 1011 4568 τῶνδε.

207 4602 263 4668 Ee.
294 4604 377 4667 1143
400 4603 458 4668 ἴτω
483 4602 551 4683 μεθ’
575 4605 676 4685 ἡμῶν.
