3298 5368
824 412 998 473 ..84-

283 578 384 642 ιιιίκοι·
396 575 595 643 Baohmanni
609 578 820 659 sagacitatem
833 577 967 660 fugisse.
979 577 1090 642 Verba
1104 580 1139 644 ἐκ
1150 580 1332 664 τραγῳδίας
1348 581 1435 644 enim
1453 580 1550 642 mani·

281 683 363 749 festo
387 701 452 749 non
476 685 703 768 coniungenda
723 689 801 748 sunt
816 702 890 748 oum
909 683 1098 765 praedicato
1112 685 1273 750 enuntiati
1293 685 1384 766 ἔχεις,
1398 686 1455 752 sed
1480 705 1545 750 oum
1609 655 1610 717 l

278 791 408 857 obiecto
443 794 482 856 τὰ
518 792 618 871 ῥάκια,
643 797 680 855 ut
715 792 805 874 origo
840 809 1023 873 pannorum
1057 792 1230 856 indicetur:
1258 793 1378 874 „panni
1402 794 1547 875 tragicis
1609 776 1610 783 δ

278 902 311 962 at
333 898 396 962 hoo
420 897 595 962 dicendum
620 903 693 962 erat
722 898 830 978 potius
858 903 915 962 aut
937 900 976 962 τά
999 899 1035 962 εκ
1058 919 1105 976 τρ.
1131 899 1233 977 ῥάκια,
1259 908 1315 966 aut
1337 903 1378 966 τὰ
1402 901 1430 979 p.
1455 903 1494 964 τά
1516 901 1544 964 ἐκ
1609 894 1610 913 ’

277 1026 325 1082 τρ.
351 1003 442 1082 Quae
467 1023 541 1069 oum
564 1005 612 1068 ita
635 1006 710 1089 sint.
734 1005 786 1068 vix
821 1005 967 1069 dubitari
999 1010 1119 1086 potest,
1144 1007 1222 1087 quin
1246 1007 1340 1072 loous
1374 1012 1547 1087 corruptus

279 1110 330 1185 sit,
359 1129 568 1192 quamquam,
592 1111 670 1192 quid
690 1117 788 1192 poeta
812 1113 994 1193 scripserit,
1019 1116 1145 1178 nescio.

321 1217 372 1284 Rs
386 1221 471 1283 1124
494 1221 551 1283 τὸν
575 1220 606 1285 ἐξ
630 1219 816 1297 Ὀρεστείας
847 1219 1048 1303 (πρόλογον).

321 1323 370 1388 Pl.
394 1327 459 1387 423
483 1323 606 1402 Ἐρινύς
630 1326 716 1389 ἐστιν
739 1325 774 1388 ἐκ
797 1324 989 1410 τραγῳδίας.

322 1430 352 1513 o)
376 1430 444 1494 Iam
470 1435 676 1496 transeamus
701 1431 838 1496 adeum
863 1432 1121 1512 praepositionis
1147 1451 1255 1515 usum,
1280 1451 1353 1498 eum
1378 1432 1549 1496 materiam

278 1537 437 1618 designat,
462 1555 501 1600 ex
526 1555 589 1618 qua
613 1537 737 1619 aliquid
760 1536 963 1604 factumest.

322 1643 359 1708 Ε.
385 1647 462 1708 379,
481 1643 682 1723 περικόμματ’
714 1645 748 1707 ἐκ
782 1647 843 1708 σοῦ
879 1645 1043 1709 σκευάσω.
1083 1647 1167 1708 1167
1204 1647 1454 1726 potiorum-lt<
1488 1650 1546 1709 τιίιν

279 1751 365 1816 ὀλιῖιν
402 1755 467 1816 τῶν
505 1752 539 1815 ἐκ
577 1751 688 1816 Πύλου
726 1751 935 1829 μεμαγμένην.
982 1756 1063 1814 1310
1100 1752 1136 1816 ἐκ
1174 1753 1407 1831 πεύκης-καῖ
1447 1753 1545 1818 ξύλων

276 1861 467 1938 ἐπηγνύμην·

319 1963 358 2028 Ν.
383 1967 447 2029 455
473 1967 507 2030 έκ
531 1985 593 2043 μου
616 1967 737 2044 χορδὴν
759 1967 828 2042 τοῖς
852 1967 1062 2044 φροντισταῖς
1084 1967 1303 2043 παραθέντων.
1329 1969 1389 2030 881
1410 1966 1472 2031 κάκ
1487 1970 1546 2029 τῶν

276 2073 388 2136 σιδίων
412 2073 592 2151 βατράχους
616 2073 725 2137 ἐποίει.

320 2179 353 2240 Ρ.
379 2183 399 2241 4
423 2180 601 2257 μάζαν-ἐξ
625 2178 742 2242 ὀνίδων
766 2181 1001 2257 πεπλασμένην.

320 2285 356 2351 L.
378 2288 442 2348 586
468 2286 501 2348 ἐκ
523 2287 640 2364 ταύτης
664 2287 795 2370 (τ-τῆς
817 2285 973 2369 τολύπης)
997 2293 1040 2368 τῷ
1065 2287 1155 2372 δήμῳ
1180 2291 1312 2368 χλαῖναν
1336 2289 1467 2367 ὑφῆναι.

314 2393 356 2456 R.
384 2394 467 2456 1282
493 2393 651 2456 σύστασιν
673 2393 709 2456 ἐκ
730 2396 795 2457 τῶν
820 2397 1036 2477 κιθαρῳδικῶν
1059 2394 1169 2472 νόμων
1194 2395 1413 2472 εἰργασμένην.

317 2499 375 2564 Ec.
405 2501 488 2563 1057
512 2500 543 2566 ἐξ
568 2499 700 2578 αἵματος
723 2499 932 2578 φλύκταινανι

317 2607 370 2675 Fr.
397 2614 437 2672 54
461 2607 597 2683 ἐκ-τῆς
621 2607 697 2684 ἐμῆς
720 2606 869 2684 χλανίδος
892 2609 977 2684 τρεῖς
1002 2607 1178 2685 ἁπληγίδας
1206 2613 1318 2672 ποιῶν.

318 2714 352 2795 d)
377 2713 523 2796 Originis
546 2712 638 2778 notio
663 2712 772 2777 inesse
798 2712 927 2777 videtur
951 2713 1051 2778 etiam
1073 2715 1105 2778 in

294 2820 354 2884 ΔΝ.
380 2825 420 2884 36
445 2822 533 2898 είπερ
557 2822 592 2884 ἐκ
613 2824 671 2898 τῆς
694 2820 825 2897 καρδίας
849 2820 877 2892 μ’
906 2819 1009 2898 ὄντως
1033 2824 1136 2900 φιλεῖς
1160 2839 1221 2901 „ex
1251 2821 1359 2886 animo
1385 2823 1507 2886 amas“.=

317 2928 349 3012 e)
374 2927 491 3005 Porro,
516 2929 550 2992 ἐκ
575 2945 648 2991 oum
672 2927 802 2992 nomine
828 2946 887 2992 suo
911 2925 1154 2992 multitudinem
1187 2928 1319 3002 indicat,
1345 2947 1384 2992 ex
1409 2929 1540 3010 quaest

272 3035 401 3117 aliquis,
427 3041 464 3100 ut
487 3053 526 3099 ea
549 3035 669 3098 locutio
694 3035 837 3118 genetivi
861 3035 1011 3117 partitivi
1035 3035 1140 3098 vicem
1160 3035 1337 3104 sustineat.

296 3143 354 3223 „¹3-
382 3145 557 3207 185-—186
593 3148 661 3222 μιῖιν
694 3144 728 3207 ἐκ
763 3147 870 3207 καλῶν
901 3143 929 3206 εἴ
953 3143 1202 3222 κάγαθῶν;-μὰ
1225 3144 1302 3220 τοὺς
1326 3143 1431 3224 θεούς,
1453 3142 1481 3206 εἰ
1502 3140 1536 3218 μὴ

271 3251 297 3313 ’κ
319 3255 471 3328 πονηρῶν
494 3271 540 3327 γε.
566 3253 627 3313 337
653 3249 716 3326 λέγ’
741 3249 789 3314 ὅτι
814 3251 873 3314 κάκ
895 3253 1048 3326 πονηρῶν
1061 3249 1126 3333 (εί).
1154 3251 1216 3313 562
1242 3249 1404 3327 Φαρμίωνί
1426 3269 1458 3312 τε
1475 3249 1537 3325 φιλ·
1604 3267 1606 3320 ῖ

271 3355 338 3422 τοτ’
362 3358 484 3421 ἐκτῶν
507 3357 613 3422 ἄλλων
636 3377 670 3420 τε
695 3361 778 3420 θεῶν
802 3356 990 3435 Ἀθηναίοις.
1603 3347 1606 3385 ³

316 3463 356 3528 N.
384 3466 467 3528 1089
493 3466 732 3541 συνηγοροῦσιν
767 3464 802 3526 έκ
835 3463 940 3540 τίνων;
979 3464 1189 3542 10901092,
1216 3467 1301 3526 1094
1326 3463 1357 3528 ἐξ
1381 3457 1539 3538 εὐρυπρώ·

270 3591 363 3638 κτων.
391 3577 472 3636 1091
498 3566 700 3655 τραγῳδοῦσ’
725 3571 759 3634 ἐκ
783 3571 887 3645 τίνων;
908 3573 991 3635 1093
1011 3569 1311 3650 δημηγοροῦσι-έκ
1333 3569 1438 3647 τίνων;

314 3677 355 3741 V.
383 3681 467 3742 1267
492 3677 742 3756 Ἀμυνίας-οὑκ
779 3683 843 3741 τῶν
873 3678 1044 3757 Κρωβύλου
1073 3696 1132 3758 „ex
1156 3673 1484 3758 Crobylipostenis‘ss
1503 3671 1536 3732 ul
1604 3693 1606 3762 t

268 3786 366 3868 vulgo
401 3784 533 3866 legitur.
558 3784 714 3848 Attamen
750 3783 837 3864 apud
870 3782 1003 3848 Suidam
1027 3783 1060 3848 in
1084 3801 1112 3850 v.
1138 3778 1288 3862 Ἀμυνίας
1312 3775 1536 3863 scriptumest
1604 3779 1605 3838 ἶ

271 3893 460 3973 Κρωβύλωνς
485 3891 571 3956 idem
595 3891 628 3956 iu
665 3891 738 3955 eod.
775 3891 1001 3954 Vvexaratum
1037 3889 1225 3970 repperisse
1258 3889 1350 3954 ainut
1375 3886 1534 3954 Cobetum.
1601 3903 1606 3969 γ

271 3997 367 4079 idque
391 4002 503 4061 tuetur
526 3996 659 4060 Baehm.
685 3996 890 4080 (Philologus
917 3995 945 4060 V
971 3994 1081 4076 Suppl.
1104 4015 1138 4077 p.
1165 3994 1254 4078 235).
1287 3993 1403 4058 Potius
1439 3984 1532 4054 eredi-

269 4104 383 4181 derim,
409 4105 592 4183 Κρωβύλου,
618 4103 659 4168 ad
681 4109 747 4168 τῶν
771 4103 1030 4179 accomodatum,
1055 4102 1163 4184 ipsum
1187 4101 1221 4166 in
1244 4100 1407 4183 pluralem
1430 4107 1532 4162 nume·

267 4230 341 4276 rum
364 4210 539 4276 transisse.
564 4209 610 4274 Cf.
634 4210 771 4275 Vahlen.
797 4230 827 4291 p.
854 4213 905 4274 16.

311 4318 372 4383 Th.
397 4321 460 4381 715
484 4317 611 4395 τίς-ἐκ
634 4322 728 4382 θεῶν.
1322 4335 1324 4342 ·

313 4425 345 4508 2)
369 4425 439 4489 Nee
462 4425 724 4507 praetereundus
749 4424 852 4490 estis
883 4443 973 4505 usus,
999 4441 1037 4487 ex
1062 4442 1126 4506 qno
1150 4425 1186 4490 ἐκ
1210 4427 1372 4488 auctorem
1403 4415 1532 4487 alienius

267 4528 316 4596 r'ei
351 4532 511 4617 designat,
547 4532 601 4614 qui
639 4551 717 4598 usus
754 4538 924 4614 poetarum
962 4531 1066 4614 magis
1102 4549 1199 4612 quam
1226 4531 1425 4610 scriptorum
1461 4535 1525 4606 pro-

268 4636 361 4720 prius
385 4642 446 4701 est.

1604 4692 1608 4785 ί
