3326 5372
683 504 880 567 -roa-

194 667 268 735 Huc
291 669 460 751 pertinere
484 669 615 735 videtur
638 670 737 734 etiam

194 775 252 839 dv.
280 777 364 841 1070
388 777 503 855 ἑρπετά
525 797 559 842 τε
583 779 633 841 καὶ
657 779 773 842 δάκετα
796 775 891 842 πάνθ’
916 777 1041 856 ὅσαπερ
1063 777 1148 842 ἔστιν
1171 775 1326 856 ὑπ”ἐμᾶς
1350 779 1423 842 πτέ-

151 901 250 960 ρυγος
267 883 303 946 ἐκ
325 885 445 961 φοναῖς
457 881 597 965 ὄλλυται,
609 882 664 949 ubi
679 901 752 948 eum
766 883 887 948 mirum
898 884 1060 964 videatur,
1074 883 1207 966 reptilia
1219 885 1421 949 avicularum

149 987 212 1053 aiis
237 988 382 1055 interfici
407 989 699 1086 dioiquinekeus
721 989 834 1074 (Vind.
858 1010 889 1072 p.
916 991 994 1072 107)
1018 992 1165 1072 soporos
1188 1009 1248 1072 pro
1265 992 1421 1070 πτέρυγος

150 1095 358 1161 scribendum
383 1113 457 1162 esse
483 1094 681 1177 suspicatur,
705 1095 854 1162 Kookius
875 1098 997 1163 mirum
1036 1096 1070 1162 in
1104 1097 1236 1162 modum
1270 1094 1319 1162 ἐπ’
1345 1097 1422 1176 ἐμᾶς

149 1221 197 1266 πτ.
223 1202 366 1284 scripsit,
392 1205 480 1286 quod
504 1203 699 1269 Germanice
727 1204 792 1286 „im
815 1203 954 1270 Bereieh
977 1203 1104 1268 meinos
1130 1203 1283 1285 Fliigels“
1318 1206 1421 1269 inter-

149 1315 308 1390 pretatur,
334 1312 407 1376 ooll.
433 1311 532 1393 Soph.
557 1311 633 1375 Ant.
660 1315 732 1388 7873
755 1309 838 1375 Xen.
862 1309 956 1392 Reip.
978 1309 1055 1375 Lao.
1082 1314 1134 1389 11,
1157 1315 1186 1386 2;
1202 1309 1258 1374 Th.
1274 1314 1304 1387 5,
1318 1315 1372 1387 34,
1392 1317 1420 1388 l;

149 1414 314 1481 locutione
337 1420 377 1481 τὰ
400 1418 451 1482 ἐπὶ
473 1419 612 1500 Θρᾴκης.
640 1415 706 1482 Sed
740 1417 773 1481 in
809 1417 883 1482 loeo
906 1414 1143 1497 Xenophonteo
1175 1421 1208 1481 et
1238 1412 1420 1498 Sophocleo

149 1522 200 1587 ἐπί
224 1539 252 1588 o.
277 1539 352 1606 gen.
377 1521 462 1587 idem
486 1522 653 1604 signifieat
675 1528 774 1605 atque
799 1524 834 1587 dv
859 1541 886 1588 e.
918 1524 995 1602 dat,
1024 1523 1110 1603 qnod
1144 1523 1177 1588 in
1200 1530 1350 1589 nostrum
1373 1525 1422 1589 lo·

151 1647 224 1693 cum
248 1629 338 1694 nullo
354 1629 450 1695 modo
468 1630 585 1694 cadere
602 1635 724 1711 potest;
740 1631 774 1694 in
788 1628 985 1712 Thucydidis
999 1646 1078 1692 vero
1094 1630 1168 1695 loeo
1181 1637 1278 1712 atque
1290 1631 1421 1695 diotone

148 1737 187 1799 τὰ
209 1737 265 1801 ἐπὶ·
282 1738 410 1820 Θρᾴκης
432 1737 688 1818 praepositionis
712 1737 804 1802 notio
829 1736 991 1820 (,‚iuxta“)
1026 1737 1128 1802 multo
1153 1738 1255 1819 magis
1280 1739 1378 1802 etiam
1402 1757 1423 1802 a

149 1847 263 1907 nostro
285 1841 359 1907 loeo
384 1843 492 1907 aliena
514 1849 577 1908 est.
601 1844 722 1925 Itaque·
741 1843 952 1908 Bachmanno
975 1843 1019 1924 (p.
1047 1843 1123 1924 117)
1157 1845 1338 1923 consentio,
1362 1843 1424 1906 du-

147 1948 276 2024 bitanti,
310 1950 457 2031 possitne
503 1950 584 2014 illud
621 1949 701 2034 (,‚im
751 1950 927 2032 Ber-eisne)
962 1949 1139 2031 significari
1174 1951 1419 2032 praepositione

150 2057 210 2120 ἐπί.
234 2056 346 2138 Neque
371 2057 548 2139 quidquam
574 2055 638 2122 hac
678 2058 871 2123 coniectura
902 2055 1086 2138 proficitur:
1117 2076 1194 2121 nam
1230 2057 1316 2121 idem
1352 2055 1419 2121 iere

150 2163 283 2244 vulgata
306 2164 405 2228 lectio
430 2164 588 2229 denotare
612 2171 732 2246 potest,
757 2165 853 2230 modo
889 2163 941 2229 ὑπ’
967 2164 1016 2243 ἐμ.
1040 2185 1090 2228 πτ.
1126 2183 1199 2229 eum
1235 2151 1320 2230 ἔστιν
1345 2181 1422 2229 con·

152 2272 280 2352 iungas,
305 2276 343 2333 ut
367 2275 480 2337 censet
501 2269 741 2350 Bachmannus‚
767 2277 804 2336 ut
828 2289 945 2337 sensus
971 2271 1023 2336 sit:
1037 2287 1272 2352 „quaeeunque
1288 2287 1421 2336 versan-

149 2381 205 2440 tur
227 2376 287 2440 sub
313 2376 375 2442 alis
399 2379 516 2456 meis“‚
541 2397 586 2444 se.
610 2379 729 2461 quibus
753 2379 863 2444 omnia
888 2377 1063 2459 supervola
1085 2383 1207 2442 terram
1224 2376 1423 2458 despiciens.

151 2481 243 2559 Quae
269 2483 471 2549 Bachmanni
495 2486 660 2551 sententia
684 2504 722 2550 eo
755 2485 918 2568 displicet,
955 2484 1050 2566 quod,
1087 2484 1116 2548 si
1151 2484 1198 2547 ita
1234 2485 1422 2565 coniungas,

149 2590 231 2654 haee
267 2591 410 2673 reptilia,
447 2611 530 2674 quae
567 2595 626 2659 sub
663 2594 771 2658 svium
808 2594 869 2658 alis
892 2598 1079 2674 versantur,
1109 2609 1245 2657 necesse
1271 2602 1322 2658 est
1345 2594 1419 2662 aliis

151 2707 369 2783 opponantur,
394 2703 428 2767 id
447 2703 533 2784 quod
557 2723 576 2767 a
599 2705 762 2769 sententia
779 2705 844 2768 loci
871 2705 1049 2785 discrepat.
1070 2703 1302 2784 Coniungenda
1323 2705 1424 2786 igitur

151 2827 189 2872 ea
212 2810 312 2873 verba
337 2827 409 2874 oum
436 2810 481 2873 ὲκ.
506 2832 540 2890 φ.
566 2810 632 2875 611.
649 2811 716 2875 Nee
732 2819 841 2876 tamen
858 2811 1022 2876 Meinekei
1040 2812 1229 2876 coniectura
1248 2813 1421 2895 quidquam

151 2935 232 2998 opus
257 2925 318 2995 est,
342 2918 514 3002 locutaque
538 2921 584 2982 ita
619 2919 812 2983 vertendum
849 2925 928 3000 puto
965 2919 1016 3002 (ut
1049 2921 1113 2983 iam
1148 2919 1343 2986 Piersonum
1378 2919 1425 2985 sit

151 3025 380 3090 Bachmannus
404 3025 570 3109 vertisse):
598 3027 787 3108 „serpentia
812 3033 845 3091 et
867 3023 1054 3092 mordentia
1068 3027 1187 3102 omnia,
1205 3045 1420 3109 quaeeunque

151 3135 236 3204 sunt,
261 3129 321 3192 sub
346 3130 397 3193 ala
420 3148 493 3196 mea
516 3131 650 3196 necibus
675 3133 874 3206 intereunt“‚
900 3131 987 3213 quod
1014 3133 1102 3196 idern
1119 3136 1172 3196 est
1188 3148 1226 3194 ae
1243 3129 1327 3211 „sub
1348 3134 1420 3194 met

150 3237 203 3300 vel
229 3255 321 3317 „oum
347 3253 447 3318 supra
470 3257 507 3302 ea
524 3240 607 3304 sto“.
631 3238 783 3302 Ridicule
800 3238 1059 3318 Vogelreuterns
1084 3241 1130 3320 (p.
1149 3239 1203 3318 ul)
1218 3238 1299 3302 haec
1323 3238 1425 3303 inter·

151 3348 299 3424 pretatus
324 3350 382 3407 est:
410 3344 481 3424 „ala
505 3346 745 3424 prosequente“
784 3345 836 3407 vel
863 3344 1012 3425 „quando
1040 3345 1125 3419 volo,
1152 3345 1281 3423 quando
1309 3348 1424 3410 volans

152 3451 277 3530 capio‘e
302 3453 395 3529 quasi
421 3453 490 3516 avis
514 3454 626 3517 voians
650 3453 758 3532 possit
782 3451 901 3532 reptile
928 3471 944 3514 a
969 3457 1060 3516 terra
1084 3453 1213 3532 rapere!

197 3563 230 3640 2)
255 3561 393 3643 Propria
418 3563 468 3628 vis
492 3566 564 3643 ὑπό,
591 3583 617 3629 o.
644 3581 718 3648 gen.
743 3564 921 3643 coniuncti,
948 3581 987 3627 ea
1013 3570 1074 3642 est,
1099 3581 1173 3627 eum
1199 3562 1242 3636 id,
1259 3564 1346 3644 quod
1364 3565 1423 3629 sub

151 3669 261 3749 aliqua
285 3687 321 3732 re
345 3675 505 3746 versetur,
532 3671 606 3736 inde
629 3671 753 3736 moveri
779 3671 915 3749 indicat,
941 3687 1004 3751 quo
1029 3689 1130 3735 seusu
1154 3670 1264 3734 Latini
1290 3671 1426 3734 serioris

151 3776 268 3839 aetatis
292 3794 372 3840 voce
395 3777 543 3856 „demist
570 3783 707 3843 utuntur
743 3765 996 3860 (pnes-norff).
1032 3776 1078 3839 Cf.
1110 3775 1193 3843 Xen.
1228 3777 1289 3842 An.
1329 3780 1357 3852 6,
1396 3781 1425 3850 2,

153 3886 192 3946 22
220 3889 252 3946 et
280 3886 332 3950 25.

196 3989 236 4053 V.
262 3993 324 4052 206
349 3990 678 4068 ὑποδυόμενος-ὑπό
714 3995 779 4054 τῶν
815 3992 1000 4068 κεραμίδων,
1029 4007 1124 4070 quern
1147 3989 1257 4053 locurn
1282 3991 1426 4070 pessime

152 4097 247 4178 vulgo
270 4097 538 4178 interpretantur:
566 4099 642 4179 „qui
665 4098 792 4180 tegulas
818 4098 950 4175 subiit“;
968 4115 1042 4161 nem
1070 4097 1132 4160 hoe
1155 4094 1351 4177 significatu,
1366 4097 1424 4160 suh

152 4203 274 4284 aliquid
300 4203 460 4280 morendi,
474 4207 536 4270 ὑπό
556 4223 583 4268 c.
598 4223 671 4289 gen.
687 4225 759 4269 erum
783 4205 914 4270 omuino
933 4203 1105 4268 rarissime
1122 4203 1243 4278 legitur·
1290 4205 1334 4285 (v.
1348 4204 1425 4266 Pas-

187 4393 201 4426 *
220 4391 348 4450 Fortasse
367 4395 394 4448 in
413 4411 467 4454 una
484 4396 619 4451 locutione
632 4397 688 4452 ὑπὸ
702 4397 806 4461 χθονός
821 4393 1308 4464 ‹sineterram»‚q110dpraeter-Hes.
1323 4397 1425 4464 Theou.

153 4485 214 4548 111,
234 4481 280 4548 qui
298 4482 372 4538 locus
392 4501 408 4540 a
427 4485 554 4542 Passus-io
573 4485 621 4552 (Il,
641 4490 666 4553 2,
684 4501 712 4553 p.
731 4488 801 4538 2112
821 4486 850 4554 a)
879 4493 905 4538 et
930 4485 962 4540 G.
981 4483 1118 4538 Diodorfio
1145 4483 1240 4552 (Thes.
1261 4501 1285 4538 κ.
1305 4486 1381 4554 Vlll,
1400 4503 1428 4554 p.

152 4573 215 4633 285)
234 4556 356 4635 affertur,
376 4572 464 4630 inveni
492 4575 574 4630 etiam
602 4574 675 4642 apud
707 4574 835 4628 Simonid.
856 4577 965 4639 Amore.
986 4581 1010 4642 1,
1033 4579 1063 4628 12
1097 4573 1218 4642 Herem:
1238 4589 1299 4626 uam
1319 4576 1345 4627 in
1365 4574 1426 4628 aliis

151 4657 290 4726 exemplis,
301 4675 316 4712 a
327 4659 415 4728 Papeo
430 4664 477 4732 (11,
487 4681 513 4732 p.
530 4667 597 4717 1207
608 4676 659 4730 sq.)
674 4662 773 4730 allatis,
794 4664 851 4717 sine
863 4664 943 4717 dubio
956 4667 1009 4715 ond
1023 4683 1043 4716 r.
1058 4677 1116 4718 aen.
1133 4663 1199 4714 «sub
1214 4661 1332 4727 atquin»
1346 4663 1427 4716 ualet.

1285 4759 1320 4812 11
