3328 5370
862 541 1025 599 ..52-.

348 705 394 771 Ac
419 705 561 788 priinnm
579 705 711 788 quidem
729 705 794 769 hnc
811 705 958 786 pertinet
975 705 1099 770 locutio
1117 705 1161 784 εἰς
1185 706 1270 789 (τὴν)
1295 712 1438 788 κεφαλήν
1458 710 1519 790 „in
1539 725 1589 770 cu-

303 817 364 894 pnt
380 813 524 881 alicuius
542 815 643 880 vertit
655 793 810 896 elipuid“‚
824 811 880 878 ubi
893 813 1027 878 verbum
1040 815 1211 892 τρέπεσθαι
1228 813 1359 880 additur
1372 816 1422 880 vel
1436 814 1588 882 auditur.

349 923 387 989 A.
413 926 477 988 833
501 921 889 1002 πολυπραγμοσύνη-είς
912 923 1057 1002 κεφαλὴν
1079 917 1220 1002 τράποιτ’
1245 921 1324 1002 ἐμοί.

350 1025 387 1094 Ν.
412 1033 455 1096 40
479 1034 549 1096 τὰ··
563 1031 642 1111 χρέα
665 1031 763 1094 ταῦτα
787 1027 831 1106 εἰς
854 1029 912 1106 τὴν
936 1029 1079 1107 κεφαλὴν
1102 1031 1159 1107 τὴν
1188 1031 1252 1108 σὴν
1274 1031 1430 1108 τρέψεται.

349 1134 386 1204 P.
413 1138 500 1204 1063
525 1141 558 1203 et
580 1136 633 1202 Pl.
659 1141 721 1202 526
746 1137 790 1214 εἰς
815 1135 959 1213 κεφαλὴν
983 1134 1106 1218 enimin
1128 1141 1219 1201 tunrn
1237 1135 1343 1217 ipsius
1360 1140 1458 1216 caput
1477 1138 1590 1200 vertat

306 1241 440 1324 malurn,
466 1243 554 1326 qnod
577 1243 673 1310 nobis
697 1235 903 1327 auguraris“.

350 1347 398 1414 Pl.
422 1352 484 1413 651
511 1353 551 1431 μὴ
576 1349 644 1429 δῆτ’
670 1348 767 1430 ἔμοιγ’
790 1348 834 1427 εἰς
858 1348 917 1424 τὴν
941 1333 1084 1424 κεφαλήν
1107 1346 1160 1431 (de
1185 1365 1249 1430 quo
1274 1368 1303 1413 v.
1329 1345 1453 1430 supra).

352 1456 413 1522 His
438 1455 641 1523 simillimum
673 1462 726 1523 est

351 1561 388 1629 1.
410 1565 474 1628 915
499 1563 543 1643 είς
566 1560 621 1645 ἐμὲ
643 1567 804 1644 τράποιτο.
836 1548 841 1563 ’

351 1665 476 1734 Eodem
493 1667 601 1735 refero
620 1669 817 1748 locutiones,
835 1683 919 1750 quoe
932 1685 949 1731 e
962 1668 1061 1734 verbo
1073 1667 1210 1734 cedendi
1227 1667 1414 1754 (ἐμ)πίπτειν
1429 1669 1586 1752 pendent.

354 1773 394 1839 Ε.
408 1779 480 1842 '571
508 1776 710 1843 εί-πέσοιεν
734 1775 778 1854 εἰς
801 1777 858 1841 τὸν
881 1774 971 1855 opos
995 1775 1029 1841 ἐν
1052 1777 1134 1860 μάχῃ
1158 1778 1225 1841 τινί.
1303 1784 1306 1794 ’

351 1881 389 1946 N.
415 1885 479 1948 378
503 1882 548 1962 εἰς
570 1884 709 1963 ἀλλήλας
733 1883 954 1964 ἐμπίπτουσαι.
973 1885 1037 1948 384
1053 1883 1271 1963 ἐμπιπτούσας
1288 1883 1332 1963 εἰς
1351 1885 1502 1964 ἀλλήλας,
1532 1881 1584 1948 ubi

308 1990 342 2056 in
366 1989 396 2050 V
433 1989 591 2071 scriptum
616 1990 774 2058 hebernus
810 1992 879 2072 ἐμπ.
905 1990 1099 2070 ἀλλήλαισιν,
1130 1989 1215 2073 quod
1249 1989 1398 2056 nonnulli
1434 1989 1582 2056 editores

308 2102 516 2180 receperunt.
556 2095 704 2181 Utraque
743 2097 844 2163 lectio
883 2115 943 2179 per
982 2115 1017 2162 se
1056 2112 1160 2178 aeque
1187 2087 1285 2162 'bona
1320 2103 1381 2164 est:
1421 2116 1496 2162 narn
1532 2099 1580 2161 Ar.

308 2203 410 2270 verbo
444 2205 602 2285 ἐμπίπτειν
637 2209 671 2270 οι
707 2204 852 2270 dativum
892 2203 1012 2269 subicit
1046 2203 1099 2288 (V.
1135 2205 1199 2267 203
1239 2205 1422 2284 ἐμπέπτωκέ
1457 2225 1513 2283 μοι
1556 2207 1581 2267 οι

310 2307 360 2377 Pl.
385 2313 448 2377 180
471 2312 662 2392 ἐμπέέσοιγ
686 2311 807 2395 corpe
790 2311 942 2390 αι.εἰςο
967 2327 1036 2378 ccc.
1061 2309 1112 2393 (N.
1138 2311 1299 2375 uteet'b
1301 2312 1415 2396 .309);
1430 2307 1581 2394 sedquio

309 2421 372 2485 hoc
396 2419 470 2484 loco
496 2416 652 2486 Socrates
676 2439 725 2499 eu,
756 2437 839 2501 qnae
871 2437 900 2485 v.
936 2421 1001 2483 378
1036 2417 1129 2499 dixit,
1166 2417 1298 2498 repetit
1274 2415 1439 2484 tis'dem
1474 2417 1627 2482 verbis

309 2543 383 2594 eum
407 2528 471 2594 hoc
493 2525 601 2592 iacere
627 2532 884 2593 consentaneum
912 2535 973 2606 est,
1004 2545 1105 2609 quare
1140 2523 1214 2590 lect'
1191 2530 1315 2591 tionem
1352 2526 1481 2607 optimi
1506 2523 1581 2590 libri

309 2627 388 2702 Rev.
413 2633 460 2712 εἰς
480 2633 549 2700 ἀλλ.
573 2633 782 2701 retinendum
815 2651 943 2700 censeo.

354 2737 389 2804 L
416 2739 479 2805 309
505 2739 549 2819 είς
572 2743 630 2820 τήν
661 2741 1006 2821 θύραν-ἐμπέσοιμεν.

353 2845 620 2931 Th.·1122.(qui
643 2867 758 2914 versus
783 2865 821 2913 ex
843 2845 1003 2930 Euripide
1025 2854 1175 2929 sumptus
1191 2865 1265 2914 esse
1282 2845 1419 2926 videtnr;
1443 2845 1481 2914 cf.
1499 2845 1578 2910 Bak-

309 2953 402 3037 huyn.
425 2969 457 3037 p.
484 2953 556 3036 134)
583 2957 695 3020 πεσείν
717 2956 752 3034 ἒς
775 2955 871 3033 εὐνὴν
898 2957 948 3019 καὶ
976 2958 1129 3035 γαμήλιον
1145 2955 1248 3034 λέχος.
1267 2953 1314 3018 of.
1333 2951 1391 3018 Ec.
1413 2955 1490 3019 958.
1508 2953 1578 3017 967.

353 3059 415 3127 His
437 3060 619 3142 persimilis
639 3067 691 3127 est
712 3062 805 3127 locus

353 3167 479 3233 Reor
502 3170 638 3246 πλαγίαν
661 3171 876 3252 καταβάλλειν,
901 3169 945 3249 είς
967 3171 1097 3247 γόνατα,
1138 3167 1224 3250 κῦβίί
1247 3169 1387 3235 ἑστάναι.
1410 3165 1492 3233 'tPos
1478 3163 1576 3244 t-rc

310 3297 389 3340 νατα
411 3273 615 3362 interpungit
602 3276 749 3356 tMein„
773 3282 811 3341 ut
833 3281 941 3359 καταβ
967 3278 1060 3357 εἰςγ.
1086 3279 1271 3361 coniungat,
1297 3276 1462 3358 quoniam
1477 3273 1576 3360 quiin
1627 3329 1628 3336 ,

309 3399 414 3464 genua
437 3382 641 3463 procumbat,
665 3401 730 3449 non
754 3384 862 3467 possit
885 3384 1015 3449 ἑστάναι
1032 3383 1107 3464 dici3
1124 3387 1215 3449 recte
1233 3388 1343 3470 autern
1365 3383 1409 3461 εἰς
1424 3403 1454 3459 γ.
1472 3385 1574 3460 καταβ.

310 3487 375 3555 dici
397 3507 497 3571 posse
522 3509 607 3566 enm,
632 3491 687 3574 qni
712 3491 812 3556 aliurn
837 3491 870 3556 in
894 3506 1000 3573 genua
1023 3493 1239 3574 procumbere
1262 3491 1385 3557 iubeat.
1410 3489 1501 3554 Idem
1521 3504 1575 3572 pro

311 3596 441 3663 ἑστάναι
456 3596 681 3680 reponendum
699 3602 813 3663 censet
827 3597 961 3663 ἱστάναι.
980 3598 1040 3664 Oui
1060 3599 1246 3680 obloquitur
1265 3597 1455 3681 Blnpdesius
1470 3595 1576 3662 defen·

309 3703 421 3786 ditque
455 3723 505 3783 eo,
536 3723 618 3788 quae
654 3723 726 3770 meu
751 3704 881 3788 quidem
906 3705 1070 3772 sententia
1101 3707 1231 3772 defendi
1268 3702 1357 3772 nullo
1382 3712 1575 3789 paulopos-

311 3818 396 3882 sunt.
418 3811 499 3878 Nam
524 3817 559 3879 et
580 3813 704 3878 ἱστάναι
729 3813 811 3880 sutis
833 3813 1051 3896 probabiliter
1073 3833 1132 3896 pru
1158 3815 1286 3881 ἑστάναι
1304 3813 1489 3879 coniectnrn
1508 3827 1575 3876 esse

310 3919 449 3999 videtur,
473 3926 510 3984 ut
532 3920 642 4002 puella
666 3918 818 4004 fingatur,
842 3941 906 3987 non
930 3923 990 3998 vir,
1016 3922 1118 3986 statui
1153 3921 1309 3986 inclinata
1344 3919 1399 4004 (cf.
1434 3919 1469 3985 t.
1506 3918 1573 3981 231.

310 4028 368 4093 Τλ.
392 4029 482 4112 489),
507 4034 542 4092 et
564 4029 664 4093 verbu
689 4029 732 4108 εἰς
755 4029 875 4107 γόνατα
900 4047 973 4095 curn
997 4028 1123 4094 ἱστάναι
1147 4029 1302 4112 coniungi
1325 4045 1390 4095 non
1415 4043 1510 4110 posse
1532 4021 1573 4086 fa-

311 4135 374 4202 cile
400 4136 556 4202 concedet
579 4136 618 4216 is,
643 4137 699 4218 qui
722 4137 875 4219 loquendi
901 4138 1185 4218 consuetudinem,
1212 4137 1388 4203 cGraecis
1404 4137 1571 4201 servatam.

311 4259 376 4308 uon
399 4241 540 4323 ignorat:
561 4261 626 4307 non
649 4243 745 4319 eninr,
771 4247 809 4308 ut
831 4259 891 4307 nos
919 4259 1081 4324 „crunnus
1104 4263 1147 4309 na
1179 4241 1345 4320 uonbnn“,
1378 4240 1428 4305 ita
1463 4231 1572 4303 Graeci

311 4349 355 4431 είς
377 4351 456 4429 γόνυ
479 4350 613 4426 ἱστάναι,
638 4352 697 4415 sed
721 4351 764 4428 εἰς
788 4350 866 4434 (ἐπὶ)
896 4351 975 4426 γόνυ
1014 4353 1148 4430 βάλλειν,
1188 4349 1420 4433 (κατα)κλίνειν,
1457 4345 1571 4428 ῥίπτειν,

310 4459 431 4525 πίπτειν
466 4456 508 4540 (v.
544 4456 640 4523 Thes.
675 4477 704 4521 v.
730 4457 773 4537 ΙΙ,
797 4477 828 4539 p.
854 4457 933 4538 722)
958 4457 1081 4523 dixisse
1105 4458 1266 4523 videntur.
1300 4455 1394 4534 Quod
1424 4455 1453 4520 si
1487 4463 1571 4534 proe-

312 4565 397 4631 senti
419 4565 544 4630 ἱστάναι
568 4567 650 4629 haec
673 4566 774 4629 verba
797 4584 913 4645 parurn
939 4571 1013 4646 apte
1047 4568 1278 4653 adiunguntur,
1317 4567 1439 4646 quanto
1472 4559 1569 4625 ninus

312 4673 410 4737 etiarn
435 4676 525 4737 recte
548 4670 692 4754 perlecto
724 4671 854 4737 ἑστάναι
890 4675 1074 4738 consociari
1111 4679 1264 4758 possunt:
1303 4671 1343 4736 ad
1378 4688 1450 4736 eam
1484 4663 1569 4734 enim.
