3382 5380
692 463 875 526 ..33-

185 629 219 712 a)
244 628 281 698 L.
308 633 394 696 1143
417 630 627 696 ἐλθὼν-σὺν
649 629 805 696 ὁπλίταισι
827 629 1084 708 τετρακισχιλίοις
1098 629 1221 708 λίίμων.
1297 661 1301 666 ·
1398 661 1401 670 ’

186 736 226 798 R.
254 739 338 802 1901
365 737 522 815 Αἴγυπτος
542 738 624 805 -ξὺν
650 737 966 816 παισὶ-κατασχών.

189 843 223 922 t)
244 843 282 906 1..
309 845 394 908 1039
417 843 511 908 οὔτε”
527 845 592 908 σὺν·
623 844 878 920 πανωλέθροισιν
909 839 975 906 οὔτ’
1000 842 1076 908 ἄνευ
1101 845 1320 922 πανωλέθρων
1346 856 1428 926 ..ωδεΥ

151 965 210 1032 qne
235 965 309 1014 cum
330 947 627 1031 perniciosissimis
651 965 712 1014 nec
737 949 809 1014 sine
831 948 1124 1030 perniciosissimis
1149 949 1215 1015 vivi
1238 952 1382 1032 potesta

189 1056 231 1120 ii.
251 1061 317 1122 444
341 1058 405 1134 ἐγὼ
428 1060 464 1122 δὲ
487 1059 549 1123 σὺν
571 1061 678 1124 ταῖσιν
701 1057 811 1136 κόραις
835 1057 895 1136 εἰμι
919 1059 970 1122 καλ
991 1058 1138 1134 γυναιξίν.

196 1165 225 1228 2.
247 1163 372 1228 urmes
394 1163 599 1246 praepositio
623 1164 664 1228 (ie
689 1163 740 1228 dis
763 1163 896 1243 dicitur,
920 1181 1059 1245 quorum
1081 1162 1210 1229 παρίτω
1233 1162 1358 1246 aliquid
1372 1163 1426 1236 iit.-

193 1269 233 1332 V.
259 1272 343 1336 1080
369 1267 779 1350 conresuscitemur.

192 1375 231 1441 it.
258 1380 342 1442 1199
368 1380 430 1442 σὺν
451 1381 556 1443 τοῖσιν
579 1377 791 1456 θεαῖς-τοὺς
813 1377 997 1456 προλόγους
1015 1382 1192 1458 διαφθερῶ.

191 1484 240 1548 Pi.
267 1486 330 1548 114
354 1486 417 1550 σὺν
440 1490 502 1568 θεῷ
527 1482 555 1548 δ’
581 1483 739 1562 εἰρήσεται
766 1484 848 1566 „deo
866 1483 1068 1566 approbante
1085 1484 1208 1550 dictum
1231 1485 1334 1560 amna
1349 1485 1375 1554 i.
1389 1503 1424 1550 c.

152 1591 249 1673 iaxit
272 1588 387 1656 daus“.
757 1637 760 1646 .

73 1725 74 1728 ¹
190 1703 221 1762 3.
245 1697 360 1764 Tertia
383 1700 474 1764 notio
498 1698 652 1780 praeposi
653 1697 753 1763 tionis
776 1715 815 1764 ca
838 1702 900 1775 est.
917 1715 990 1763 cum
1014 1694 1166 1760 derebus
1190 1695 1321 1774 dicitur,
1335 1712 1420 1779 puae

149 1803 291 1886 utiquam
315 1802 409 1885 quasi
434 1804 644 1879 comitantur,
668 1803 702 1870 h.
726 1821 755 1870 e.
780 1820 864 1884 quae
898 1802 1029 1882 corpori
1053 1805 1131 1866 sunt
1152 1801 1328 1885 impositae
1360 1807 1427 1916 eutr

147 1911 297 1976 manibons
321 1915 503 1992 gestantur,
529 1914 567 1974 ut
588 1910 701 1989 vestm,
725 1927 825 1986 arma,
851 1909 927 1976 alia.

190 2020 269 2086 ξὺν
304 2015 359 2082 όπ
372 2022 389 2082 λ
403 2038 421 2081 o
435 2035 482 2095 ιςε
506 2017 541 2082 V
572 2021 687 2084 3599.
711 2017 741 2082 ό.
769 2017 884 2095 ἄνδρες
919 2014 1043 2082 ὁπλτιαι
1081 2017 1420 2096 διαταξάμενοι-ατο

146 2127 348 2203 πιωροθνται.

190 2231 217 2296 L
252 2235 315 2296 555
340 2231 398 2298 ξὺν
420 2229 572 2298 ὅπλοισιν
590 2231 819 2309 ἀγοράζοντας.
846 2233 910 2294 558
933 2231 1152 2310 περιέρχονται
1175 2231 1231 2297 ξὺν
1255 2229 1377 2307 ὅπλοις.

191 2339 272 2405 ξὺν
306 2339 435 2416 δόρει
469 2339 546 2405 ξὺν
581 2337 755 2403 ἀσπίδα
789 2336 828 2399 V.
855 2337 937 2400 1081
971 2335 1182 2415 ἐκδραμόντες
1206 2340 1234 2402 ξ.
1258 2339 1288 2400 δ.
1312 2339 1338 2401 ξ.
1362 2333 1399 2398 ότι

189 2444 227 2508 P.
252 2448 316 2509 536
340 2447 614 2524 πλανώμενοι-4.
636 2451 665 2513 δ.
690 2450 715 2511 ξ.
741 2444 769 2508 ἀ.

190 2552 278 2619 Alie:

188 2658 229 2725 N.
252 2662 316 2724 604
340 2659 402 2724 σὺν
424 2659 555 2738 πεύκαις
578 2661 719 2736 σελαγεῖ.

190 2766 229 2831 R.
256 2769 340 2830 1289
364 2767 477 2847 πέμπει
501 2768 562 2847 σὺν
585 2769 657 2844 δορὶ
672 2768 724 2830 καὶ
744 2767 811 2846 χερί
834 2765 996 2844 πράκτορι.

189 2879 221 2938 4.
247 2871 355 2940 Semel
390 2873 593 2954 praepositio
621 2872 667 2938 ita
694 2872 783 2938 dicte
807 2878 867 3000 est,
893 2876 940 2951 ut,
965 2889 1028 2953 qua
1050 2868 1180 2934 rutinae
1203 2869 1410 2952 aliquidt
1352 2869 1420 2952 fiat

148 2979 321 3064 significet.

189 3087 228 3153 N.
255 3090 318 3151 580
342 3088 446 3170 ἢν-ῇ
471 3107 517 3165 τις
540 3085 652 3164 έξοδος
677 3087 786 3165 μηδενὶ
808 3086 864 3151 ξὺν
881 3091 928 3168 νῷ
942 3083 994 3166 „si
1016 3103 1080 3166 qua
1096 3084 1237 3165 expedit
1229 3091 1316 3149 ιο
1214 3082 1316 3149 ό
1331 3084 1421 3149 nulla

146 3195 308 3260 ratione“.

191 3304 222 3368 5.
246 3297 372 3362 Eadem
410 3304 694 3378 usurpatorem
722 3295 771 3366 ⁴de
807 3292 905 3360 dictis
939 3295 1059 3377 agitur,
1085 3295 1228 3377 aliquam
1253 3296 1420 3362 actionem

152 3404 396 3472 comitantibus.

190 3512 248 3582 Th.
273 3515 337 3576 993
373 3512 500 3590 ἐρατοῖς
534 3511 595 3576 σὺν
630 3509 1006 3592 ὕμνοις-ἀναχορεύων,
1030 3507 1086 3573 ubi
1119 3508 1183 3573 σύν
1209 3505 1320 3573 inutili
1343 3508 1429 3574 Vei-³

148 3622 218 3688 sani
240 3621 452 3686 coniecturae
476 3618 623 3695 debetur,
639 3635 713 3682 cum
739 3617 816 3682 libri
833 3617 868 3684 έν
884 3617 1068 3682 exhibeant.
1082 3613 1130 3681 cf.
1144 3633 1229 3698 quae
1241 3633 1272 3696 ρ.
1287 3617 1414 3681 30-31

147 3729 182 3793 in
218 3727 292 3793 loco
330 3725 499 3792 simillimo
534 3724 594 3788 Av.
622 3725 708 3785 1735
737 3721 988 3813 disputavimus.
1028 3723 1112 3784 1034
1135 3721 1276 3806 γαμηλίῳ
1301 3723 1358 3800 μὲν
1381 3721 1420 3786 οὐ

147 3835 200 3900 itio
222 3838 347 3909 παιῶνι,
372 3831 493 3915 δεσμίῳ
516 3831 552 3894 δὲ
575 3831 700 3906 γοᾶσθέ
723 3849 771 3909 με.

189 3945 222 4006 θ.
247 3939 315 4005 Nec
338 3936 598 4022 praetereundus
620 3940 675 4000 est
697 3936 727 4002 is
741 3954 841 4012 usus,
867 3951 906 4000 ex
930 3953 993 4018 quo
1018 3934 1219 4016 praepositio
1245 3953 1340 4015 „cum
1363 3953 1423 4000 no·

147 4050 237 4114 ruine
262 4065 322 4112 suo
345 4048 565 4128 praegnentur
599 4044 706 4108 uicem
743 4043 886 4108 sustinet
903 4043 1010 4109 'totius
1036 4042 1207 4122 enuntiati,
1231 4042 1351 4108 medaii
1374 4045 1431 4107 at·¹

148 4174 209 4236 que
235 4151 507 4220 circumstantiali
531 4149 564 4214 vi
585 4155 752 4216 externam
775 4170 886 4215 raram
910 4149 1128 4215 conditionem
1152 4147 1353 4230 describens,
1368 4149 1429 4214 cni

148 4263 233 4328 ectio
258 4260 312 4326 vel
335 4264 441 4326 status
476 4256 595 4339 aiiquis
618 4258 666 4323 ite
689 4258 821 4324 iunctus
846 4262 909 4336 est,
932 4261 971 4323 ut
993 4255 1092 4321 simul
1123 4256 1265 4321 causalis
1290 4255 1420 4338 quidem

148 4385 249 4434 nexus
273 4365 480 4432 intercedere
504 4364 687 4446 cogitetur“
707 4364 808 4448 (quod
830 4381 890 4430 nos
914 4363 1054 4429 dicimus
1074 4362 1208 4446 „npu“).

191 4478 250 4541 Αν.
279 4477 362 4538 1122
387 4473 596 4551 περιπέτεσθε
616 4473 742 4550 μάκαρα
766 4472 881 4551 μάκαρι
904 4472 966 4536 σὺν
987 4471 1073 4552 τύχᾳ,
1093 4469 1178 4550 quod
1193 4467 1421 4534 Baohmaunus

149 4584 193 4664 (p.
221 4582 298 4661 110)
323 4598 439 4644 vereor
474 4597 513 4643 ne
549 4596 664 4660 parum
695 4583 796 4654 recta,
823 4595 954 4642 causam
981 4574 1187 4651 efficientem,
1213 4593 1231 4638 e
1256 4593 1319 4655 qua
1343 4574 1420 4656 quid

750 4703 752 4708 ’
823 4700 824 4704 ’
1296 4683 1314 4742 0
