3328 5370
845 449 892 518 m

229 624 400 702 miseruut,
423 629 541 706 poetae
565 623 674 688 verbis
698 639 855 704 perverse
878 623 1060 688 intellectis
1071 621 1098 704 ²⁸,
1123 633 1192 688 tum
1216 626 1278 690 hoc
1300 626 1499 708 gravissime

229 736 418 811 peccarunt,
445 729 530 812 quod
554 750 563 792 r
587 728 683 794 finale
707 729 808 794 dativi
832 730 1008 812 singularis
1032 731 1111 795 elidi
1135 749 1232 813 posse
1257 733 1343 812 apud
1366 734 1421 798 Ar.
1438 753 1497 815 pu·

229 843 383 905 taverunt
406 839 438 902 iu
461 837 500 902 V.
526 840 589 901 487
618 839 668 902 ἐπὶ
698 837 856 916 τυραννίδ’
893 835 1099 920 (erueretur,
1138 856 1210 903 cum
1245 836 1403 917 τυραννίδ’
1439 857 1499 921 pro

230 947 341 1010 dativo
364 945 520 1011 habereut
545 945 638 1028 (Vog.
664 962 696 1025 p.
725 949 775 1015 15,
800 944 895 1008 Mich.
920 963 953 1025 p.
978 942 1044 1024 Qt'i.
1351 1005 1354 1014 .

277 1051 389 1134 „Nunc
413 1052 532 1133 aliquis
556 1051 646 1116 dieat
669 1050 758 1122 mihi,
795 1051 881 1128 Quid
911 1051 963 1115 tu?
998 1053 1129 1120 nullane
1163 1053 1264 1119 habes
1296 1054 1392 1120 vitia?
1426 1055 1498 1121 Imo

230 1159 302 1234 alia,
329 1165 362 1223 et
384 1157 525 1224 fortasse
549 1157 713 1221 minure“.
737 1155 864 1238 Itaque,
900 1159 928 1222 si
956 1159 1035 1240 quid
1071 1159 1141 1240 ipse
1176 1159 1293 1236 erravi,
1329 1160 1498 1242 ignoscent

230 1265 320 1343 mihi,
346 1283 451 1347 spera,
479 1265 534 1347 qui
557 1263 615 1329 illa
638 1262 678 1328 G.
704 1262 883 1327 Hermauui
900 1264 1109 1330 meminerint
1126 1265 1262 1348 (opusc.
1281 1285 1309 1334 v.
1325 1266 1364 1348 V,
1381 1286 1409 1348 p.
1429 1270 1497 1352 50):

232 1375 316 1458 „Vix
340 1375 515 1456 quidquam
542 1379 607 1436 tam
635 1369 797 1434 lubricum
822 1378 872 1436 est
904 1372 937 1436 iu
961 1373 1087 1455 syntaxi
1111 1373 1306 1455 linguarum,
1343 1392 1438 1455 quam
1462 1375 1499 1440 hi

230 1483 306 1560 mei,
330 1484 386 1565 qui
410 1487 486 1548 suut
510 1480 548 1544 de
572 1477 874 1562 praepositionibus
899 1479 993 1543 etde
1019 1479 1338 1546 coniunctionibus“.
1435 1551 1438 1558 Δ

214 4255 217 4264 ¹
227 4236 437 4250 ——-

262 4335 275 4366 *
297 4331 334 4386 Ut
352 4330 421 4400 Vog.
439 4331 467 4384 iu
488 4329 520 4384 V.
542 4333 611 4385 1040
629 4329 714 4384 verba
733 4330 778 4383 ἐπὶ
796 4335 887 4384 τοῖσιν
906 4330 1062 4398 ἀπράγμοσι
1081 4327 1220 4384 coniunxit
1248 4341 1308 4378 cum
1338 4332 1499 4384 amastrae-

228 4438 306 4486 μενοι
324 4426 364 4490 (p.
383 4421 420 4490 9),
438 4419 465 4472 iu
484 4420 515 4474 V.
536 4422 605 4474 1046
624 4419 701 4472 πόλλ’
721 4421 765 4473 ἐπὶ
783 4422 899 4483 πολλοῖς
917 4435 977 4474 eum
999 4421 1115 4483 ὄμνυσιν
1143 4417 1181 4484 (p.
1203 4418 1257 4483 111.
1286 4414 1416 4471 Similiter
1443 4417 1497 4474 Mi·

228 4511 307 4566 chael
325 4511 353 4564 iu
372 4509 402 4564 t.
423 4511 473 4563 705
493 4509 537 4561 ἐπὶ
553 4511 617 4559 τῶν
631 4507 740 4575 ἐχθρῶν
758 4510 810 4562 τιν’
831 4510 979 4576 ἐπιρρύξας
999 4508 1226 4577 praepositionem
1258 4511 1339 4576 putat
1369 4509 1497 4574 genetivo

226 4602 345 4655 iunctam
371 4615 440 4654 etse.
