3298 5368
827 440 1001 501 -gg-

311 607 403 673 Alter
426 609 522 674 locus
547 619 599 673 est

310 715 367 780 Ec.
393 719 456 780 507
483 716 616 795 ῥιπτεῖτε
639 716 778 795 χλαίνας,
815 715 912 794 ἐμβὰς
946 715 1092 778 ἐκποδῶν
1126 714 1195 777 ἴτω.
1230 711 1460 780 Baohmannus
1497 711 1537 794 (p.

271 823 357 906 138),
382 823 551 888 Meinekeo
577 822 687 906 (Vind.
711 842 742 904 p.
770 823 845 905 195)
869 822 962 901 duce,
989 823 1024 887 ἐκ
1047 826 1159 886 ποδῶν
1180 819 1282 886 scribi
1306 819 1409 884 iubet:
1428 819 1538 885 adver-

266 929 355 994 bium
380 930 465 1015 enim
490 931 647 1007 ἐκποδῶν,
673 947 746 993 cum
780 928 967 1010 oppositum
1004 927 1047 994 sit
1077 927 1231 991 adverbio
1271 928 1430 1005 ἐμποδῶν,
1468 944 1539 991 con·

267 1043 393 1103 stanter
416 1038 482 1103 dici
507 1038 547 1102 de
572 1038 633 1122 eis,
658 1055 782 1118 quaee
815 1035 1060 1118 propinquitate
1095 1034 1160 1098 loci
1198 1039 1438 1108 removeantur,
1474 1033 1539 1114 ple·

266 1161 404 1225 rumque
426 1143 482 1208 ubi
507 1143 580 1224 quis
605 1143 784 1207 abscedere
809 1142 962 1206 iubeatur
985 1140 1024 1204 ab
1045 1140 1150 1204 altero
1176 1137 1371 1222 (afferuntur
1386 1138 1451 1204 loci
1471 1137 1540 1202 Ari·

267 1249 436 1330 stophanis
461 1253 495 1312 et
520 1248 747 1332 comicorum).
772 1246 836 1312 Sed
861 1248 896 1311 ἐκ
920 1251 1030 1311 ποδῶν
1054 1246 1100 1311 ita
1124 1251 1250 1310 tantum
1274 1244 1356 1309 ferri
1380 1263 1491 1326 posse,
1508 1251 1541 1308 ut

267 1359 432 1421 statuatur
456 1359 511 1419 Ar.
536 1355 603 1419 illis
628 1355 737 1419 verbis
760 1355 923 1436 tragicum
948 1352 1090 1434 aliquem
1110 1353 1219 1417 ridere
1241 1356 1293 1434 (ut
1317 1352 1367 1417 Pl.
1394 1356 1439 1436 9),
1455 1352 1541 1434 quod

268 1462 397 1543 qnidem
422 1462 593 1527 admodum
619 1462 799 1528 verisimile
824 1460 881 1524 fiat
904 1464 938 1525 et
962 1461 1047 1539 inde,
1080 1461 1167 1542 quod
1190 1461 1290 1524 idem·
1311 1461 1540 1525 coniciendum

267 1569 416 1633 videatur
440 1570 480 1634 de
504 1590 534 1632 v.
550 1569 757 1650 insequenti.
783 1569 872 1632 Haeo
896 1567 963 1631 ille.
989 1567 1057 1650 Ego
1083 1567 1176 1650 longe
1202 1567 1298 1633 aliter
1337 1566 1455 1634 sentio.
1498 1569 1541 1655 hc

266 1674 407 1756 primum
433 1676 576 1758 quidem,
601 1677 678 1757 quid
702 1677 746 1742 sit
770 1675 850 1740 illud
876 1696 915 1754 „e
943 1674 1191 1756 propinquitate
1225 1673 1325 1749 looi“,
1363 1693 1427 1739 non
1462 1672 1540 1738 satis

266 1781 432 1863 intellego:
456 1801 530 1846 nam
554 1784 701 1848 ἐκποδών
724 1784 809 1847 idem
834 1781 900 1846 fere
925 1781 1003 1846 mihi
1026 1782 1138 1846 valere
1163 1781 1294 1846 videtur
1332 1799 1369 1848 ac
1392 1788 1539 1847 nostrum

268 1895 413 1968 ,τινοιν
440 1897 538 1971 atquo
568 1909 640 1954 rem
666 1910 705 1956 ex
729 1893 800 1972 ipso
824 1891 907 1963 loco.
932 1889 989 1955 uhi
1019 1889 1131 1963 fuerit,
1165 1891 1329 1956 removeri
1368 1889 1539 1973 significat,

267 1996 353 2075 quod
387 1977 651 2063 luculentissime
688 2004 778 2079 patet
802 2017 840 2061 ex
865 1998 1079 2078 Nicophontis
1104 1997 1140 2061 ir.
1165 2001 1184 2062 2
1204 1998 1273 2081 (Κ.)
1291 1997 1440 2063 οὐκ-τῶ
1463 1993 1539 2078 χεῖρ’

268 2103 410 2180 ἀποίσεις
435 2105 581 2169 ἐκποδῶν
605 2107 669 2170 ἀπὸ
692 2111 748 2170 τοῦ
773 2107 946 2171 σκυταΙίοο
971 2107 1021 2169 καὶ
1057 2109 1113 2181 τῆς
1149 2107 1316 2184 διφθέραςς
1348 2104 1381 2169 in
1417 2105 1540 2168 Aristo-

266 2210 383 2288 phanis
407 2211 507 2291 igitnr
530 2213 694 2276 versiculo
720 2214 907 2278 rectissime
933 2211 1121 2275 adverbium
1147 2213 1226 2292 poni
1250 2215 1370 2293 potest,
1397 2210 1540 2275 utnulla

267 2334 404 2395 prorsus
430 2318 475 2381 sit
498 2335 598 2382 causa
622 2319 778 2384 mutandi.
802 2319 930 2384 Deinde
950 2321 985 2383 ἐκ
1008 2323 1119 2384 ποδῶν
1143 2319 1251 2400 ipsum
1276 2321 1357 2384 mihi
1379 2319 1539 2400 displicet,
1617 2307 1618 2310 '

268 2423 445 2505 dubitoque
482 2443 520 2488 an
557 2443 652 2489 nemo
676 2427 722 2490 ita
754 2427 884 2491 dixerit.
927 2425 1069 2502 :locedia
1106 2426 1193 2506 quod
1222 2428 1288 2502 An,
1326 2428 1354 2491 si
1380 2426 1538 2509 tragicum

267 2530 318 2594 his
343 2531 450 2594 verbis
474 2532 581 2596 ridere
605 2533 777 2606 voluisset,
802 2535 912 2614 potius
938 2532 1096 2614 singulari
1122 2551 1259 2596 numero
1285 2535 1319 2598 ἐκ
1342 2536 1445 2611 ποδός
1460 2549 1538 2597 usus

268 2645 370 2702 esset:
391 2657 465 2702 nam
491 2638 518 2704 si
544 2642 576 2704 in
599 2639 727 2704 duobus
752 2641 850 2704 etiam
877 2640 1012 2720 pedibus
1037 2640 1155 2723 tragici
1180 2641 1375 2722 plerumque
1400 2639 1539 2723 singula·

268 2746 349 2810 riter
382 2746 463 2810 hanc
498 2763 612 2811 vocem
650 2747 774 2822 dicunt,
800 2751 921 2828 quanto
956 2748 1059 2829 magis
1093 2747 1126 2811 id
1161 2748 1213 2812 hic
1249 2749 1408 2830 singulari
1446 2749 1539 2826 ἐμβάς

266 2855 483 2933 praecedente
508 2856 762 2937 exspectandum
788 2863 868 2919 erat:
894 2854 931 2919 cf.
960 2857 1074 2919 Aesch.
1111 2855 1205 2922 Pers.
1231 2859 1295 2919 660
1319 2857 1539 2935 κροκόβαπτον

267 2962 369 3038 ποδὸς
393 2960 521 3039 εὔμαριν
545 2961 669 3038 ἀείρων.
699 2961 837 3043 Ephipp.
865 2962 926 3036 ΙΙΙ,
951 2964 1024 3034 332,
1059 2966 1078 3026 8
1103 2961 1231 3044 (Mein.)
1258 2962 1292 3026 εὖ
1317 2962 1344 3024 δ’
1368 2964 1403 3026 ἐν
1426 2962 1547 3041 πεδίλῳΙ

267 3065 355 3131 πόδα
377 3067 422 3149 (in
448 3068 542 3132 libris
569 3070 672 3133 πολλά
697 3069 831 3153 legitur)
857 3071 960 3146 τιθείς.

834 3396 855 3456 ,Ι
888 3393 914 3455 ΙΙ
945 3395 986 3461 0.

311 3600 361 3666 De
385 3602 503 3682 formo.
539 3604 777 3684 Aristophanes
814 3622 943 3684 semper
979 3607 1085 3670 forma
1119 3604 1182 3670 ἀπό
1221 3606 1334 3682 utitur,
1360 3589 1536 3686 nisl'quod

268 3710 368 3775 semel
392 3711 424 3774 in
449 3710 636 3773 Promethei
673 3710 834 3789 oratione,
861 3711 915 3791 qni
939 3717 977 3776 nt
1001 3713 1082 3776 dens
1120 3711 1292 3792 magnifice
1316 3711 1463 3793 loquitur
1487 3705 1536 3791 (cl.

266 3815 490 3881 Rutherfordii
527 3817 616 3896 „The
650 3836 719 3881 new
755 3817 976 3900 Phrynichus‘
1004 3837 1033 3899 p.
1059 3819 1127 3900 43),
1166 3815 1536 3898 Av.151‘l,praeposi-

266 3926 355 3988 tione
381 3925 503 3990 nomini
528 3927 724 4006 postposita,
749 3943 809 4005 per
833 3926 1054 4007 anastrophen
1078 3926 1200 4004 μηρίων
1223 3924 1286 3990 ἄπο
1311 3925 1402 3990 dixit.
1483 3949 1485 3956 ·

311 4028 361 4116 De
383 4049 458 4094 oso.
475 4032 512 4096 ln
535 4031 628 4096 tmesi
653 4033 796 4112 positum
822 4039 976 4115 quattuor
1000 4032 1082 4096 locis
1118 4031 1181 4096 ἀπό
1205 4031 1400 4108 invenimus,
1425 4029 1537 4111 quibus

267 4138 416 4203 omnibus
441 4141 577 4204 verbum
603 4141 758 4217 ἀπόλλομι
783 4141 815 4203 in
839 4139 949 4203 futuro
980 4139 1179 4203 disiunctum
1208 4144 1269 4216 est,
1293 4137 1391 4218 idque
1416 4131 1537 4202 dnobus

266 4245 350 4311 locis
374 4249 434 4323 γάρ
458 4247 620 4326 particula
646 4245 696 4328 (N.
725 4249 785 4310 792
812 4251 845 4310 et
871 4248 955 4310 1440
980 4246 1044 4309 ἀπὸ
1067 4249 1128 4324 γὰρ
1153 4244 1312 4326 ὀλοῦμαι),
1327 4263 1389 4308 uno
1413 4243 1487 4308 loco
1502 4241 1537 4305 σε’

267 4350 462 4430 pronomine
487 4351 549 4434 (Pl.
576 4357 615 4415 65
641 4350 762 4416 ἀπό’σ’
788 4351 865 4432 ὀλῶ)
891 4353 1036 4434 itemque
1072 4371 1136 4417 uno
1169 4351 1241 4416 loco
1266 4351 1392 4415 duabus
1416 4347 1536 4414 voculis

266 4457 327 4532 γάρ
351 4477 388 4534 με
412 4455 485 4538 (Αν.
513 4463 597 4520 1506
624 4457 687 4521 ἀπὸ
710 4459 773 4535 γάρ
795 4457 825 4534 μ’
851 4458 963 4539 ὀλεῖς),
980 4460 1035 4540 qui
1058 4459 1152 4524 locus
1177 4458 1279 4523 estin
1297 4456 1535 4522 orationePto·

268 4562 400 4626 methei.
427 4560 474 4628 cl.
499 4563 641 4630 Honovii
665 4583 696 4644 p.
724 4567 796 4633 118.
