3298 5368
813 451 1007 512 -150-

280 620 542 698 προθύροις
566 621 812 698 ἐνοικοδομήσοι
836 625 898 696 πᾶς
930 619 1011 698 ἀνὴρ
1046 619 1131 702 αὑτῷ
1166 618 1400 695 δικαστηρίδιον
1417 634 1449 669 νὴ·
1465 619 1545 694 πρὸ

280 733 361 791 τῶν
384 732 544 806 θυρῶν.
570 725 620 792 Of.
642 726 792 793 Michael.
817 746 848 809 p.
875 728 926 790 22.
1466 717 1468 724 ’

324 830 360 896 Ρ.
385 835 448 897 770
465 833 651 910 ἐρεί--κάπὶ
667 833 805 916 τραπέζῃ
828 835 878 897 καὶ
894 833 1080 912 ξυμποσίοις
1100 836 1153 912 „et
1170 832 1254 913 apud
1272 849 1418 896 mensam
1436 830 1548 914 (domi)

280 944 313 1003 et
335 940 368 1004 in
393 939 564 1022 (publicis)
590 940 780 1014 conviviis“‚
805 941 846 1004 de
871 957 934 1021 quo
959 940 1049 1028 loeo⁸
1064 938 1255 1004 Meinelreus
1281 937 1392 1021 (Vind.
1427 956 1458 1020 p.
1493 937 1547 1020 46)

278 1047 359 1112 haec
383 1045 561 1112 annotavit:
589 1045 731 1128 „Dubito
755 1066 795 1111 an
818 1046 900 1112 haec
938 1048 1063 1128 integre
1099 1045 1222 1127 scripta
1258 1045 1326 1109 sint
1363 1045 1547 1127 [dicendum

279 1161 358 1220 erat:
383 1146 495 1221 dubito
520 1171 560 1221 an
583 1155 707 1240 nou...]‚
731 1174 838 1237 neque
864 1155 951 1219 enim
975 1153 1025 1219 ἐπὶ
1057 1156 1250 1234 συμποσίοις
1272 1154 1336 1219 dici
1360 1159 1469 1236 potest
1491 1168 1547 1234 pro

278 1261 313 1326 έν
337 1261 564 1342 συμποσίοις...
589 1261 660 1328 Nisi
684 1262 757 1344 'quis
782 1261 865 1327 forte
889 1263 1047 1341 τράπεζαν
1079 1267 1111 1326 et
1134 1262 1310 1340 συμπόσια
1335 1277 1393 1342 per
1416 1259 1547 1326 notissi-
1635 1259 1636 1292 r

277 1385 363 1432 mam
387 1364 524 1452 liguram
550 1367 724 1434 coniuncta
748 1369 820 1436 esse
844 1369 970 1434 malit“.
1008 1367 1098 1446 Quae
1123 1368 1261 1432 mutatio
1298 1368 1446 1448 quamuis
1469 1366 1547 1431 levis
1635 1403 1636 1408 κ

278 1471 331 1545 sit,
353 1476 463 1538 tamen
486 1473 675 1540 necessaria
698 1491 762 1539 non
787 1478 848 1551 est,
874 1479 910 1538 ut
933 1473 1004 1555 ipse
1029 1472 1122 1539 vidit.
1160 1473 1275 1554 Neque
1300 1473 1383 1536 illud
1406 1473 1454 1538 ἐπί
1477 1477 1546 1550 ξυμ·
1635 1519 1636 1560 3

276 1579 402 1658 πυσίοις
425 1583 493 1645 tam
517 1581 708 1646 inusitatum
734 1588 795 1660 est,
819 1586 857 1645 ut
881 1582 911 1645 ei
936 1583 1077 1661 videtur,
1103 1585 1136 1644 et
1154 1579 1186 1644 in
1204 1581 1394 1662 anapaestis
1417 1580 1545 1662 quidem

276 1682 404 1752 delendi
428 1692 537 1768 potest
561 1687 738 1770 Euripidae
763 1690 882 1770 ὕμνους
902 1689 951 1754 ἐπὶ
975 1690 1032 1768 μὲν
1055 1690 1176 1766 θαλίαις
1199 1689 1248 1754 ἐπί
1270 1695 1296 1752 τ’
1313 1688 1484 1766 εἰλαπίναις
1499 1691 1547 1752 καί

249 1797 362 1873 παρὰ
385 1797 524 1873 δείπνοις
546 1796 685 1874 ηύροντο
708 1794 810 1884 (oleo.
839 1796 915 1880 192)
941 1800 974 1860 et
993 1795 1235 1878 Xenophonteo
1260 1796 1423 1874 τοσαύτας
1440 1795 1546 1872 αὐτοῖς

276 1901 425 1981 εὐθυμίας
447 1905 596 1982 παρεῖχεν
619 1904 669 1969 ἐπὶ
691 1911 734 1988 τῳ
759 1905 875 1989 δείπνῳ
901 1902 991 1987 (Cyr.
1030 1906 1058 1984 1,
1098 1891 1127 1979 θ,
1167 1904 1220 1983 12)
1261 1907 1294 1968 et
1317 1903 1345 1967 si
1376 1921 1460 1985 quae
1484 1903 1546 1966 alla

276 2003 351 2074 sunt
374 2009 414 2074 de
438 2028 557 2092 genere
581 2011 704 2076 eodem.
729 2010 841 2093 Neque
860 2011 995 2076 omissio
1014 2010 1269 2092 praepositionis
1288 2011 1319 2075 in
1333 2011 1438 2074 altera
1455 2015 1544 2092 parte

275 2113 446 2181 offensioni
470 2123 690 2198 potestesse:
715 2119 801 2200 qnod
826 2119 903 2200 lieet
930 2120 1017 2200 opud
1053 2120 1221 2183 roi-uui
1256 2135 1318 2182 non
1356 2118 1401 2182 ita
1437 2117 1543 2182 multis

274 2223 357 2288 locis
381 2223 566 2290 inveniatur
590 2225 801 2308 (quamquam
827 2231 903 2292 sunt
928 2226 982 2308 qui
1007 2227 1105 2290 etiam
1142 2226 1187 2291 ibi
1213 2225 1351 2290 alteram
1377 2226 1543 2306 praeposi·
1635 2207 1636 2224 ³

274 2331 396 2396 tionem
421 2333 628 2398 inserendam
654 2339 819 2414 censeant
844 2355 873 2399 v.
898 2334 1116 2416 Fruhborger.
1142 2335 1180 2398 ad
1198 2334 1270 2416 Lys.
1291 2339 1319 2409 1,
1338 2337 1356 2398 2
1374 2340 1407 2400 et
1428 2353 1543 2416 appan·

274 2440 381 2504 dicem
407 2439 447 2503 ad
472 2440 502 2506 h.
527 2438 570 2522 1.),
596 2447 706 2506 tannen
731 2459 866 2523 prorsus
895 2442 934 2506 ab
958 2439 1153 2506 ‘Atticorum
1190 2441 1331 2506 dialecto
1368 2441 1543 2506 abiudicari

275 2545 326 2610 vir
350 2549 470 2627 potest.

319 2653 376 2721 Αν.
403 2659 486 2719 1232
511 2661 733 2736 μηλοσφαγεῖν
749 2658 971 2739 -βουθύτοις
994 2654 1042 2722 ἐπ’
1068 2657 1229 2740 ἐσχάραις,
1255 2658 1339 2739 quaed
1364 2676 1430 2723 non
1454 2662 1540 2722 reete
1635 2658 1636 2744 ᾗ

273 2761 369 2842 vulgo
394 2765 527 2829 uertunt
550 2781 649 2844 „oves
674 2765 837 2847 bovesque
862 2766 896 2829 lo
922 2765 989 2830 aris
1013 2767 1192 2830 mactare“:
1219 2765 1263 2830 od
1287 2785 1361 2831 aras
1386 2766 1470 2831 enirn
1487 2763 1541 2831 ho·
1635 2755 1636 2792 ³

274 2869 355 2932 stiae
380 2871 617 2936 mactabantur.
643 2871 689 2936 01.
716 2873 814 2955 Verg.
838 2873 918 2938 Aen.
945 2876 975 2952 2,
1001 2876 1063 2937 202
1088 2867 1240 2938 Laocoon
1274 2873 1447 2939 sollemnis
1471 2877 1541 2940 tau·
1635 2943 1636 2964 ῳ

272 2993 344 3040 rum
369 2977 533 3059 ingentem
558 2979 723 3043 nractabat
747 2980 787 3044 ad
811 2999 895 3045 aras.
1635 2967 1636 2978 ἵ

316 3081 351 3145 L.
380 3083 463 3144 1140
485 3081 588 3161 ἱκέτης
613 3085 761 3151 καθέζετο
789 3086 839 3150 ἐπὶ
873 3089 958 3151 τοῖσι
993 3090 1120 3165 βωμοῖς.
1160 3089 1240 3148 1251
1278 3082 1326 3149 ἐπ’
1361 3083 1539 3169 Ἀρταμιτίῳ
1635 3119 1636 3136 ι

271 3187 444 3266 πρόκροον,
470 3205 552 3269 quae
580 3190 677 3253 verba
698 3189 863 3256 Laconum
889 3197 975 3257 sunt.

310 3293 375 3358 ·Th.·
399 3297 462 3358 864
487 3296 537 3360 ἐπὶ
561 3295 790 3377 Σκαμανδρίαις
815 3299 942 3378 ῥοαῖσιν
966 3298 1093 3382 ἔθανον,
1118 3315 1202 3379 quae
1220 3317 1258 3361 ex
1278 3296 1436 3380 Euripide
1455 3297 1538 3381 (Hel.

273 3400 328 3480 52)
354 3408 430 3467 sunt
453 3403 655 3484 deprompta.
682 3409 745 3468 880
769 3402 836 3469 τόδ’
862 3407 947 3470 ἐστὶν
972 3406 1071 3470 αὐτοθ
1098 3401 1172 3483 σῆμ’
1197 3400 1249 3484 ἐφ’
1274 3408 1300 3490 ᾧ
1324 3408 1497 3485 καθήμεθα.

316 3507 353 3571 R.
381 3511 442 3573 195
466 3513 552 3588 παρὰ
575 3513 632 3575 τὸν
656 3512 797 3576 Αὑαίνου
821 3513 920 3591 λίθον,
945 3513 994 3577 ἐπὶ
1016 3517 1085 3588 ταῖς
1121 3511 1317 3590 ἀναπαύλαις
1342 3513 1402 3595 (sc.
1419 3509 1538 3592 ’ἀναμε-
1635 3535 1636 3540 ’

271 3615 351 3697 υεῖς)
379 3617 439 3696 „ad
463 3617 657 3685 statiorres“.
697 3622 779 3683 1130
805 3620 854 3684 ἐπὶ
876 3626 920 3702 τῷ
940 3619 1051 3703 Ιτύμβῳ
1076 3620 1167 3694 λέγει.
1196 3621 1277 3682 1172
1303 3619 1423 3699 τύμβου
1440 3619 1537 3686 -tc’

270 3718 357 3806 ὄχθῳ
380 3725 462 3805 τῷδε
486 3723 655 3804 κηρύσσω,
681 3724 735 3807 qui
761 3743 877 3791 stersus
901 3723 1052 3808 Aeschyli
1083 3730 1133 3790 est
1157 3720 1313 3808 (Choeplr.
1339 3725 1384 3808 4).

299 3821 372 3894 ¹'lla
400 3832 462 3892 027
486 3832 665 3910 τηρήσουσ’
686 3835 737 3898 ἐπὶ
757 3838 862 3899 τοῖσιν
873 3836 1087 3913 δημοσίοισιν,
1103 3832 1158 3898 ubi
1181 3834 1292 3911 τύποις
1316 3833 1413 3898 simul
1438 3836 1535 3899 aerdirl

271 3935 362 4000 lubet
386 3937 572 4014 scholiasta,
602 3940 662 4020 „ad
685 3941 816 4023 publica
841 3938 1024 4006 aedificia“.
1051 3943 1135 4003 1107
1162 3942 1260 4018 θάψαι
1284 3937 1376 4019 μ’έπ’
1392 3943 1480 4026 αύτῷ
1497 3951 1536 4028 τῷ

268 4044 399 4123 στόματι
423 4049 479 4124 τῆς
504 4045 665 4126 εἰσβολῆς.
1119 4081 1132 4092 ·1
1347 4081 1350 4096 ¹
1438 4082 1441 4099 ι

312 4149 367 4220 Fr.
395 4153 467 4231 585,
494 4157 512 4217 2
538 4154 587 4218 ἐπί
610 4155 946 4250 Παλλαδίῳ-δύσεις
969 4141 1062 4233 δίκην
1094 4153 1201 4238 „apud
1225 4154 1442 4237 Pallacinas,
1466 4159 1486 4221 i.
1509 4177 1533 4226 e.

273 4255 437 4340 „Palladio
460 4277 586 4341 poenas
611 4261 738 4342 dabisl,
763 4264 858 4344 quod,
884 4263 1037 4344 analogia
1059 4264 1108 4328 ἐπί
1133 4268 1201 4341 τοῖς
1221 4269 1403 4343 Ιδικασταῖς
1440 4267 1534 4344 λέγειν

269 4365 402 4448 dictum,
429 4366 582 4432 tralatum
610 4385 742 4434 sensum
765 4369 874 4437 habet.
1243 4357 1246 4366 ⁴

295 4469 433 4540 'Eodem
457 4475 653 4542 referendus
678 4483 729 4543 est
751 4478 806 4544 hic
827 4480 930 4556 loeus,
954 4479 1010 4544 ubi
1035 4483 1143 4544 tamen
1182 4480 1231 4544 έπί
1256 4481 1460 4550 substantivo
1482 4483 1531 4547 ab·

265 4578 389 4646 stracto
413 4581 558 4653 iunctum
584 4583 616 4648 in
638 4584 789 4652 tralatam
816 4589 979 4655 notionem
1004 4583 1156 4651 deflectit:
