3298 5368
871 492 1048 553 ..86-

320 657 451 735 δύναμιν
475 659 713 736 συμβάλλεσθαι
737 657 781 734 εἰς
804 660 843 722 τὰ
867 659 956 722 κοινὰ
979 657 1132 736 χρήματα.
1147 655 1300 720 Ceterum
1322 671 1387 720 non
1411 652 1498 718 male
1520 671 1587 716 con·

307 761 400 827 iecit
433 761 601 828 Bentleius
624 765 673 828 ἐπὶ
696 768 761 828 τῶν
786 764 839 839 nt,
864 763 1058 845 praesertim
1083 781 1155 828 cunr
1183 761 1296 826 eadem
1320 761 1419 829 verba
1446 760 1481 824 in
1505 759 1587 824 seho-

317 871 363 934 lio
387 870 605 948 inveniantur,
629 869 692 936 etsi
716 869 794 933 alibi
817 869 904 950 apud
927 873 982 933 Ar.
1009 868 1128 933 similis
1158 868 1282 934 locutio
1306 885 1372 935 non
1397 868 1533 950 legitur.

363 975 415 1041 Fr.
440 979 483 1040 84
506 980 585 1054 ναῦς
610 975 689 1042 όταν
714 977 748 1040 ἐκ
769 977 907 1043 πιτύλων
932 976 1061 1058 ῥοθιόῑῃ
1091 978 1245 1056 „propter
1276 975 1491 1056 remigium“.

364 1084 394 1165 e)
419 1084 456 1150 A.
483 1086 524 1146 50
549 1085 583 1146 ἐκ
606 1084 723 1149 τούτου
748 1082 775 1148 δ’
797 1083 860 1159 ἐγὼ
889 1083 1049 1160 ἀθάνατός
1074 1081 1142 1160 εἰμι.

355 1189 399 1251 .V.
437 1193 500 1254 346
536 1191 571 1254 ἐκ
605 1190 728 1253 τούτων
763 1192 832 1267 ὥρα
866 1191 937 1256 τινά
961 1206 1014 1255 σοι
1038 1192 1142 1267 Ζητεῐν
1175 1191 1285 1266 καινὴν
1319 1189 1463 1253 ἐπίνοιαν
1494 1205 1588 1268 „quae
1623 1205 1624 1222 ι

321 1313 390 1358 eum
416 1295 465 1358 ita
489 1296 587 1359 sint“.

364 1400 421 1465 Th.
449 1405 489 1464 87
513 1400 570 1465 τίν’
594 1403 628 1466 ἐκ
651 1403 831 1466 τούτωνσύ
849 1403 993 1480 μηχανὴν
1016 1400 1107 1480 ἔχεις
1123 1399 1178 1464 ubi
1199 1399 1276 1464 libri
1291 1401 1409 1476 ταύτης
1423 1398 1587 1480 praebent.

321 1506 513 1582 Quodnam
538 1525 599 1572 non
624 1507 750 1586 habeat,
777 1524 841 1588 quo
865 1504 1040 1583 referatur,
1065 1505 1242 1587 BergIerus
1266 1505 1390 1570 τούτων
1407 1503 1587 1586 proposuit.

321 1612 531 1678 Fritaaehens
557 1615 588 1680 ἐξ
613 1614 723 1692 αὐτῆς,
748 1613 836 1696 quod
860 1613 944 1677 idern
971 1613 1081 1678 valere
1105 1630 1143 1676 ac
1166 1616 1358 1691 παραχρῆμα
1375 1611 1587 1676 antiatticista

320 1719 450 1800 quidam
477 1720 602 1794 doceat
627 1719 786 1786 Valsenus
804 1721 839 1785 ἐκ
855 1719 971 1796 ταύτης
987 1719 1127 1782 retineri
1150 1735 1248 1798 posse
1273 1718 1330 1796 ait,
1356 1716 1383 1783 si
1407 1723 1487 1798 post
1503 1736 1533 1782 ν.
1553 1718 1585 1778 86
1623 1739 1624 1754 1

318 1845 449 1894 versum
474 1829 637 1894 excidisse
661 1833 856 1902 statuamus,
881 1826 913 1890 in
937 1825 1024 1896 hune
1048 1826 1116 1900 iere
1141 1826 1274 1890 niodum
1299 1832 1537 1907 comparatum:
1557 1825 1586 1900 ἤν

318 1953 372 2002 σοι
395 1936 543 2014 μεγίστην
567 1937 728 2001 ἐπιτιθῶσι
751 1935 873 2015 ῑημίαν.
898 1933 986 2012 Quid
1011 1933 1065 1998 Ar.
1084 1933 1274 2015 scripserit,
1308 1934 1431 2010 nescio,
1469 1932 1530 2000 sed
1553 1930 1582 1993 ad

316 2061 449 2107 sensum
475 2043 599 2125 optimo
622 2043 750 2108 videtur
775 2043 923 2125 Bergleri
940 2041 1125 2107 emendatio
1145 2042 1246 2122 „haee
1266 2059 1338 2106 cum
1361 2043 1406 2106 ita
1423 2042 1491 2108 sint
1508 2057 1581 2104 eon·
1623 2035 1624 2038 ’

320 2151 466 2235 parata“.
492 2149 539 2214 Os.
565 2150 601 2217 V.
629 2153 702 2214 346.
1623 2201 1624 2210 ,

362 2253 399 2318 R.
427 2255 485 2317 761
514 2254 548 2318 ὲκ
569 2257 626 2318 τού
651 2254 684 2338 (ἡ
711 2256 825 2332 στάσις
849 2249 1000 2339 ἐγένετο);
1026 2255 1175 2334 „quade
1200 2254 1271 2318 re‘⁴.
1299 2257 1382 2318 1083
1407 2256 1443 2318 ἐκ
1466 2254 1582 2319 τούτων
1623 2287 1624 2326 p

317 2358 335 2434 ἡ
361 2359 451 2435 πόλις
474 2355 564 2437 ἡμῶν
589 2360 862 2438 ὑπογραμματέων
885 2360 1091 2437 ἀνεμεστώθη
1117 2363 1273 2441 „propter
1295 2357 1410 2424 haee“.

361 2464 395 2547 4)
420 2462 530 2529 Semel
552 2464 614 2528 hac
638 2464 882 2544 praepositione
907 2483 988 2532 usus
1013 2473 1064 2530 est
1088 2470 1187 2545 poeta
1221 2465 1507 2544 adiudicandum,
1533 2462 1581 2526 ali·

317 2572 396 2653 quid
419 2572 517 2636 alicui
541 2573 589 2636 rei
613 2591 792 2654 aonpraere
817 2571 1087 2655 („cooopaano“).

361 2681 418 2750 Th.
443 2685 484 2745 93
508 2683 545 2746 τὸ
569 2685 698 2760 πρᾶγμα
721 2683 846 2760 κομψὸν
871 2684 922 2745 καὶ
946 2681 1065 2761 σφόδρ’
1091 2684 1125 2747 ἐκ
1148 2686 1205 2746 τοῦ
1230 2685 1291 2746 σού
1316 2683 1439 2760 τρόπον
1470 2702 1510 2763 „a
1533 2687 1581 2744 tuo

315 2806 406 2855 more
430 2787 565 2854 minime
590 2787 766 2854 alienum“.

362 2895 394 2977 5)
420 2893 560 2975 Saepius
585 2894 619 2958 ἐκ
643 2894 844 2975 praepositio
870 2894 899 2957 ei
923 2895 973 2958 rei
998 2895 1138 2970 additor,
1156 2913 1240 2976 quae
1257 2895 1315 2959 alii
1333 2901 1384 2962 est
1403 2895 1578 2960 adiumento

317 3000 618 3082 (,‚nocpeneraona‚
644 3019 685 3066 cn
709 3002 929 3085 nononrnro“).

360 3106 401 3173 N.
426 3110 489 3172 986
512 3104 597 3171 ταῦτ’
622 3108 708 3174 ἐστὶν
732 3109 847 3186 ἐκεῖνα,
884 3110 916 3176 ἐξ
952 3108 997 3174 ὧν
1035 3110 1155 3187 ἄνδρας
1194 3113 1491 3191 μαραθωνομόχους
1525 3105 1578 3186 itui

316 3218 480 3294 παίδευσις
504 3215 649 3294 ἔθρεψεν.
677 3219 760 3282 1442
784 3219 812 3282 τί
836 3213 865 3295 μ’
891 3218 926 3281 ἐκ
948 3218 1075 3281 τούτων
1098 3218 1332 3296 ἐπωφελήσεις

359 3319 504 3386 116891
532 3323 590 3387 κάκ
611 3322 729 3388 ταύτοῦ
754 3328 821 3402 Ζῆν.
848 3327 912 3386 610
938 3323 1027 3388 ἔσται
1052 3326 1119 3402 βίος
1144 3324 1178 3388 ἐκ
1215 3328 1322 3393 κοινού
1362 3325 1447 3404 „erit
1482 3322 1577 3388 victus
1619 3389 1620 3400 η

316 3447 356 3492 ex
381 3429 543 3494 communi
569 3430 617 3494 vel
641 3449 680 3494 ex
703 3429 808 3496 isdem
833 3429 961 3496 bonis“.

359 3533 484 3599 Eodem
508 3536 652 3616 pertinet
673 3535 798 3600 locutio
823 3537 857 3600 ἑκ
881 3538 966 3619 (τοῦ)
990 3539 1111 3602 δικαίου
1128 3539 1181 3602 vel
1197 3538 1231 3605 ἐκ
1254 3543 1318 3602 τῶν
1333 3539 1462 3603 δικαίων
1481 3536 1577 3618 „iusta

316 3641 478 3705 ratione“.

359 3745 396 3810 N.
424 3749 506 3812 1116
531 3749 570 3826 ἤν
592 3770 619 3812 τι
643 3749 736 3814 τόνδε
760 3751 816 3813 τὸν
839 3751 939 3829 χορόν
964 3751 1115 3830 ὠφελῶσ)
1139 3753 1261 3818 ἐκτῶν
1285 3755 1423 3820 δικαίων.

358 3856 416 3918 Αν.
445 3856 529 3917 1435
553 3857 742 3933 διαζῆν-ἐκ
765 3859 823 3921 τού
848 3858 982 3922 δικαίου.

358 3960 407 4024 Pl.
445 3963 507 4023 755
544 3961 603 4024 ούκ
637 3964 671 4028 ἐκ
706 3965 827 4028 δικαίου
859 3966 915 4030 τδν
954 3965 1022 4043 βίον
1057 3967 1250 4045 κεκτημένοι,
1286 3966 1340 4034 ubi
1371 3967 1450 4048 soh„
1481 3963 1576 4030 πόνον

314 4067 423 4132 audiri
457 4067 593 4146 iubenti,
627 4070 695 4134 noli
718 4071 864 4136 eredere:
889 4077 1043 4136 neutrum
1071 4071 1157 4136 enim
1180 4078 1242 4150 est,
1279 4091 1317 4138 ex
1340 4073 1397 4139 Kr.
1426 4074 1451 4152 Ι,
1477 4077 1525 4151 43,
1548 4070 1573 4141 4,

314 4177 355 4238 21
380 4173 617 4252 explicandum.
641 4175 689 4240 De
714 4175 845 4242 articuli
871 4175 1059 4255 omissione,
1077 4177 1140 4259 ,qui
1165 4179 1198 4242 in
1222 4177 1283 4244 hac
1312 4179 1477 4246 locutione
1501 4174 1573 4242 solet

313 4284 443 4362 adesse,
466 4282 750 4365 videBambergii
779 4287 873 4367 1869,
897 4304 927 4366 ρ.
955 4289 973 4348 2
1001 4292 1033 4350 et
1060 4288 1155 4364 1885,
1180 4305 1211 4368 ρ.
1238 4293 1266 4352 8.

358 4389 392 4475 ό)
418 4387 481 4456 Oui
505 4389 579 4456 usui
605 4390 791 4458 simillimus
815 4392 845 4457 is
870 4397 931 4468 est,
956 4391 1094 4474 siquis,
1131 4393 1241 4475 aliqua
1264 4415 1301 4460 re
1326 4395 1437 4474 nixae,
1463 4384 1570 4475 aliquid
1615 4421 1616 4507 p

310 4498 393 4562 facit
416 4496 468 4560 vel
491 4497 531 4560 de
556 4495 667 4578 aliqua
690 4514 726 4562 re
751 4497 877 4564 iudicat
905 4498 983 4580 („sa
1005 4500 1230 4582 oenoeanin“).

357 4604 396 4668 N.
422 4606 486 4668 942
511 4604 545 4667 ἐκ
569 4602 692 4668 τούτων
715 4601 762 4670 ὧν
785 4605 824 4669 ἂν
848 4605 1202 4689 λέξῃ-κατατοξεύσω.
1347 4673 1349 4680 ,
1612 4593 1615 4800 Α
