3298 5368
814 448 1014 512 -156-

282 614 404 680 militer
428 611 476 680 ἐπ’
501 609 631 698 ἀληθείᾳ
655 615 777 678 dictum
804 618 855 678 est
878 614 917 678 ab
955 613 1128 698 Aeschylo¹
1146 612 1256 696 Suppl.
1283 615 1347 680 628
1371 615 1452 693 Ζεὺς
1476 615 1549 694 ἐρο-

283 723 370 800 ρεύοι
392 724 494 799 ξένιος
517 723 621 788 ξενίου
646 722 806 800 στόματος
829 723 918 800 τιμὰς
942 720 990 785 ἐπ’
1015 721 1154 804 ἀληθείᾳ,
1171 721 1220 784 oa
1236 724 1273 786 ut
1288 741 1367 791 uero
1380 721 1451 788 sint
1471 740 1552 802 quoe

276 831 532 912 praedicamus“
556 835 619 898 etc.
645 829 734 895 Haec
757 828 822 894 ille.
852 829 933 894 Mihi
958 845 1046 907 vero,
1073 833 1110 898 ut
1128 829 1206 908 dixi,
1224 830 1427 911 praepositio
1440 830 1551 922 potius

281 939 547 1006 consecutionem
572 937 624 1002 vel
647 935 820 1002 consilium
845 934 993 1002 indicare
1016 933 1159 1002 videtur:
1187 937 1332 1020 „utinam
1350 956 1428 1018 prae
1446 937 1553 1002 inedia
1626 953 1627 958 ¹

281 1044 508 1127 disrumperis,
532 1048 569 1108 ut
592 1061 668 1108 vcra
692 1047 725 1106 te
756 1041 865 1107 dicere
900 1040 975 1106 inde
999 1044 1189 1123 appar-ectr.
1217 1042 1372 1110 Eiusdem
1409 1044 1552 1108 notionis

281 1152 428 1233 exemplo
452 1150 599 1218 iuvenies
623 1149 657 1216 in
680 1149 796 1216 Aesch.
821 1147 911 1230 Sept.
948 1151 1011 1212 819
1051 1149 1184 1228 μελέους
1220 1151 1378 1230 θανάτους
1415 1151 1552 1230 ηύροντο

282 1260 391 1338 δόμων
414 1261 464 1324 ἐπί
486 1258 566 1342 λύμη
591 1257 755 1338 „miseras
778 1260 902 1322 mortes
926 1257 1121 1320 invenerunt
1143 1255 1201 1336 ita,
1233 1261 1270 1320 ut
1292 1257 1367 1322 inde
1392 1257 1552 1324 excidium

281 1366 450 1430 domorum
475 1364 766 1446 consequeretur“.
808 1361 906 1443 Soph.
930 1362 1003 1426 Ant.
1024 1363 1085 1426 792
1110 1363 1152 1434 σὺ
1188 1365 1238 1428 καὶ
1273 1364 1402 1428 δικαίων
1426 1364 1553 1440 ἀδίκους

282 1474 404 1552 φρένας
427 1476 600 1554 παρασπᾷς
624 1471 673 1535 ἐπὶ
707 1471 805 1553 λώβᾳ,
843 1468 928 1550 quod
962 1467 1130 1534 Nauckius
1164 1487 1282 1551 graece
1318 1471 1554 1552 interpretatur

282 1580 366 1644 ώστε
390 1581 497 1658 λώβην
519 1579 690 1656 γίγνεσθαι.
715 1576 774 1660 (Cf.
800 1574 907 1640 Lalin.
929 1596 958 1658 p.
984 1577 1051 1658 49).
1077 1576 1142 1640 Alii
1168 1578 1273 1642 minus
1287 1578 1503 1660 probabiliter
1523 1579 1553 1642 in
1628 1609 1629 1614 τ

282 1685 509 1768 Aristophanis
534 1685 607 1750 loco
632 1683 680 1750 ἐπ’
713 1685 761 1749 ἀλ.
799 1683 885 1748 idem
910 1701 984 1750 esse
1009 1683 1095 1766 quod
1119 1684 1247 1762 ἀληθώς
1283 1687 1552 1767 „vc1·e“‚putant,

281 1812 363 1876 quac
387 1791 583 1875 significatio
608 1812 647 1858 nc
671 1790 703 1858 in
728 1791 909 1872 Aeschyleo
933 1791 1063 1872 quidam
1088 1791 1187 1858 verba
1211 1791 1291 1858 satis
1316 1791 1464 1874 quadrat.

326 1907 359 1980 5)
384 1901 486 1966 Porro
511 1900 623 1966 cedem
649 1897 892 1980 praepositione
915 1898 1080 1966 indicatur
1108 1898 1269 1978 condicio,
1307 1918 1370 1981 qna
1407 1899 1485 1981 quid
1522 1899 1555 1964 fit

284 2011 394 2092 („oum
419 2007 644 2088 condicione“‚
672 2025 733 2088 „cn
758 2006 985 2090 ycuosicns“).

327 2118 400 2182 ἐπὶ
422 2116 623 2193 τούτοιςι
645 2115 685 2180 Ε.
711 2116 795 2180 1384
820 2116 872 2194 ἔχε
897 2117 968 2182 “dmi
990 2115 1115 2193 τούτοις
1150 2118 1278 2180 τουτονὶ
1310 2117 1368 2182 τὸν
1402 2113 1553 2186 ὀκλαδίαν

287 2225 358 2305 „his
384 2223 663 2289 condicionibus“.

326 2332 363 2396 P.
389 2334 451 2394 706
478 2331 528 2396 ἐπὶ
551 2353 577 2394 τ.
601 2331 658 2408 τὴν
683 2328 833 2409 Ὀπώραν
857 2331 1005 2410 λάμβανε.

326 2444 382 2503 Λν.
408 2444 473 2504 415
499 2435 611 2518 ὄμνυμ’
635 2439 685 2502 ἐπὶ
707 2459 733 2502 τ.

325 2547 363 2612 R.
390 2549 451 2610 580
476 2546 550 2610 κάπί
572 2567 599 2610 τ.
623 2545 788 2624 λαμβάνω.

327 2652 735 2730 Hssfflfflafflm
1048 2715 1052 2732 ς
1631 2729 1632 2736 ᾧ

310 2761 386 2842 ἐφ’
412 2764 493 2846 ᾧτε
517 2761 561 2844 (o.
584 2759 667 2846 inf.):
693 2760 730 2824 A.
757 2761 819 2824 722
844 2755 897 2838 ἐφ’
926 2759 986 2843 ᾧτε
1009 2762 1129 2830 πωλεῖν
1162 2779 1224 2839 „ca
1256 2761 1447 2829 condicione
1483 2763 1552 2837 ut“‚

280 2888 375 2952 quem
401 2887 544 2948 versum,
569 2872 607 2932 ut
632 2885 650 2931 c
674 2887 704 2932 ν.
730 2870 794 2932 625
833 2864 1020 2943 conflatum,
1046 2864 1237 2933 Meinekcus
1274 2867 1435 2936 Elmsloio
1472 2870 1550 2934 duce

279 2975 452 3042 delendum
478 2976 617 3041 censuit.
671 3019 674 3028 -

322 3083 380 3148 Th.
410 3086 492 3148 1162
517 3079 570 3163 ἐφ’
594 3081 648 3166 ᾧτ’
673 3083 820 3148 ἀκούσαι.
1149 3147 1152 3154 ,

319 3191 368 3256 Pl.
396 3193 481 3254 1000
505 3187 557 3269 ἐφ’
581 3188 636 3273 ᾧτ’
660 3191 764 3254 ἐκεῖσε
787 3190 945 3268 μηδέποτέ
969 3189 999 3268 μ’
1024 3191 1137 3256 ἐλθεῖν.
1174 3193 1253 3253 1111
1289 3188 1342 3270 ἐφ’
1380 3193 1442 3276 ᾧτε
1467 3189 1573 3272 μετέ·“

278 3322 343 3379 χειν
365 3298 492 3375 καύτός.

323 3403 414 3468 Aliao
441 3402 635 3470 locutiones:
846 3471 848 3477 ,

322 3513 380 3576 Αν.
408 3516 492 3575 1162
518 3511 576 3576 κᾶν
601 3515 857 3590 διαλλαττώμεθα
881 3511 930 3576 ἐπὶ
953 3515 1074 3576 τοῖσδε.

325 3619 358 3684 L.
386 3622 446 3682 ool
474 3614 526 3699 ἐφ’
548 3618 810 3696 οἷσιν-εἴπομεν
836 3637 905 3700 „ca
931 3637 995 3699 que
1019 3619 1171 3696 diuinitus,
1197 3618 1425 3692 condicione“.

324 3729 355 3809 6)
379 3727 427 3790 Ab
450 3725 513 3790 hoo
536 3745 599 3790 usu
623 3745 686 3789 non
710 3725 848 3790 multum
866 3724 970 3806 abest,
982 3744 1060 3790 cum
1077 3726 1280 3807 praepositio
1295 3731 1437 3806 pretium
1455 3727 1550 3809 sigui·

278 3833 365 3910 neat,
389 3851 454 3914 quo
477 3832 604 3915 aliquid
627 3831 664 3897 fit
686 3832 809 3917 („oa“).

323 3945 390 4006 Au..
410 3944 470 4005 101
498 3939 686 4020 Ὀπούντιος
709 3942 770 4008 οὐκ
794 3943 834 4007 ἂν
857 3943 1006 4021 γενοίμην
1031 3943 1087 4024 ἐπὶ.
1103 3943 1247 4028 ταλάντῳ
1271 3944 1416 4023 χρυσίου.

324 4051 356 4130 1)
380 4050 485 4114 Porro
509 4050 559 4114 ἐπί
581 4049 682 4115 alicui
716 4050 765 4115 rei
801 4049 926 4132 aliquid
950 4048 1033 4115 udds'
1053 4048 1229 4131 significat,
1255 4049 1288 4114 id
1313 4050 1401 4131 quod
1437 4050 1548 4118 [antino

277 4155 575 4239 praepositionibus
593 4158 667 4238 „ad‚
684 4161 838 4240 praeter“
865 4155 1070 4239 exprimitur,
1085 4157 1219 4224 Rossice
1234 4157 1379 4238 „reponis
1391 4159 1549 4239 .oucpxn“.

322 4262 360 4328 P«.
380 4266 462 4328 1025
477 4266 586 4344 σχίζας
598 4267 749 4330 -τιθέναι
761 4267 845 4330 τάτε
860 4267 1038 4345 πρόσφορα
1054 4261 1144 4330 πάντ’
1156 4266 1208 4330 ἐπὶ
1222 4264 1348 4344 τούτοις
1366 4265 1547 4348 „insupe1·“.

321 4369 370 4436 Pl.
400 4373 480 4436 1001
508 4374 665 4450 καὶπρὸς
690 4373 739 4436 ἐπὶ
762 4374 889 4451 τούτοις
912 4374 1010 4438 εἶπεν.

321 4477 395 4544 Ηιιο
419 4478 591 4557 pertinent
608 4481 707 4543 etiam
732 4477 1128 4555 nonnullaciocntiones
1155 4479 1207 4546 obi
1244 4479 1447 4561 praepositio
1464 4496 1545 4549 ,cum

278 4586 408 4656 uorniuo
435 4587 498 4651 cibi
524 4586 744 4670 coniungitur,
772 4605 905 4669 quocum
929 4587 1053 4673 aliquid
1079 4586 1261 4654 comeditur
1286 4588 1412 4671 (‚,cu›“).
