3298 5368
814 485 1015 547 -102-

282 648 386 731 ἦλθεςτ
404 643 445 715 R.
465 655 560 731 1414;
586 653 707 718 ssloois
733 653 796 718 duo
822 653 1012 718 vocabula·
1025 649 1055 716 δ’
1080 651 1191 717 urirov:
1218 661 1274 719 Av.
1300 653 1352 726 84,
1366 653 1425 728 γὰρ
1451 652 1562 716 τάλανῑ

283 760 340 825 Ec.
357 763 458 838 65831
479 762 552 826 loco
569 759 673 825 multa
684 759 855 825 vocabula:
871 759 929 824 Εο.
951 764 1022 824 106.
1040 759 1265 824 Intereedente
1279 759 1314 835 γε’
1333 758 1562 840 praepositum

284 872 375 932 esti
402 867 485 933 loco:
510 867 548 935 N.
573 869 648 942 420,
686 868 714 932 si
750 873 839 932 recte
874 885 934 949 pro
970 867 1077 932 ἕνεκεν
1112 867 1260 932 codicum
1299 868 1463 947 scriptum
1501 869 1558 930 est.

282 973 515 1055 interpositum
541 982 593 1041 est
617 974 820 1040 substantivo
861 974 990 1040 eteius
1016 975 1174 1039 attributo
1199 975 1400 1055 (pronomini
1426 975 1563 1038 demon--

284 1085 436 1166 stratico)
463 1089 480 1147 2
505 1084 599 1150 locis:
624 1083 661 1148 N.
687 1088 747 1148 511
774 1088 830 1161 τῆς
855 1084 1002 1161 ἀνδρείας
1027 1084 1143 1147 οὕνεκα
1174 1083 1301 1160 ταύτης.
1335 1081 1388 1150 Fr.
1416 1082 1559 1145 679ταῦ

285 1189 448 1269 σχήματος
473 1191 589 1255 οὕνεκα
612 1193 716 1254 τοῦδε.

329 1294 471 1361 Omnino
496 1296 597 1379 igitur
620 1297 712 1362 ἕνεκα
739 1298 855 1372 17-100,
880 1298 998 1361 οὕνεκα
1022 1296 1131 1361 45-100
1156 1297 1285 1379 legitur.

328 1398 379 1466 De
401 1421 474 1466 usu.
499 1403 780 1486 Frequentissima
804 1405 896 1468 ἕνεκα
919 1400 1066 1490 (οὕνεκα)
1085 1404 1341 1486 praepositionis
1361 1399 1566 1485 significatio
1624 1405 1625 1448 ³

287 1519 337 1572 est
363 1513 533 1591 „propter“
560 1511 831 1594 („scnisucunie“)
857 1510 916 1593 (1).
940 1509 1043 1574 Paulo
1074 1510 1182 1576 rarius
1208 1529 1306 1577 sensu
1335 1527 1469 1590 „cauea
1498 1505 1558 1571 od“

287 1620 417 1696 (,‚·pann‚
442 1619 542 1699 rw)
567 1617 614 1701 (2)
636 1618 765 1699 legitur.
791 1618 910 1682 Priore
932 1616 1032 1699 igitur
1068 1616 1306 1700 significatione
1343 1617 1484 1690 dictum,
1511 1615 1563 1676 de·
1624 1643 1625 1650 ι

287 1727 387 1802 notat,
412 1740 476 1805 qua
500 1724 538 1789 de
563 1743 663 1790 causa
690 1725 814 1806 aliquid
838 1730 964 1806 agatur,
989 1725 1237 1806 altera-quo
1262 1724 1402 1790 consilio
1435 1723 1470 1787 id
1496 1715 1559 1785 fiat.

286 1828 349 1894 Sed
374 1849 448 1896 cum
475 1850 593 1898 causae
617 1838 651 1896 et
674 1832 803 1897 consilii
827 1831 978 1896 notiones
1001 1832 1086 1896 inter
1122 1851 1156 1896 se
1180 1832 1349 1912 proximae
1374 1832 1449 1906 sint,
1476 1825 1560 1892 haud

286 1948 360 1999 raro
385 1933 516 2001 difficile
540 1942 591 2002 est
613 1937 714 2014 dictu,
737 1941 812 2029 utro
837 1952 935 2001 sensu
960 1943 1057 2017 poeta
1088 1936 1365 2018 praepositionem
1400 1936 1557 2018 posuerit:

286 2042 390 2106 veluti
413 2043 536 2108 τούτων
559 2044 652 2108 ἕνεκα
675 2043 775 2122 ἦλθον
805 2062 907 2125 aeque
942 2049 976 2108 et
1012 2043 1113 2123 „hanc
1151 2044 1192 2109 ob
1229 2062 1362 2110 causam
1398 2044 1493 2108 veni“
1531 2044 1565 2102 et
1622 2091 1623 2122 ÷

288 2144 370 2229 „noo
395 2149 533 2214 consilio
557 2151 650 2216 veni“
677 2151 760 2215 verti
786 2157 896 2232 potest
907 2147 931 2216 *.
966 2151 1048 2214 Tum
1072 2167 1232 2232 personae
1259 2153 1433 2216 coniuncta
1459 2147 1557 2231 parti·

288 2256 361 2320 cula
384 2256 507 2339 aliquid
531 2257 568 2319 iro
593 2259 666 2323 eius
690 2260 834 2340 pretium
867 2259 919 2322 vel
936 2278 974 2322 err
990 2259 1061 2322 eius
1080 2276 1143 2322 usu
1159 2256 1231 2322 fieri
1248 2255 1413 2340 significat
1429 2260 1557 2340 („pann,

285 2364 384 2446 nnr1“)
409 2362 470 2446 (3).
496 2362 639 2441 Quartus
664 2383 743 2430 usus
768 2369 818 2430 est
841 2364 1105 2446 praepositionis,
1144 2381 1220 2429 cum
1255 2362 1418 2446 significat
1455 2357 1562 2445 „quod

289 2463 408 2532 attinet
432 2467 498 2532 ἀεί’*
519 2470 577 2554 (4),
603 2489 666 2552 quo
687 2489 787 2536 sensu
817 2473 888 2537 sine
913 2473 948 2547 γέ
969 2471 1132 2552 particula
1154 2489 1314 2553 nusquam
1343 2471 1477 2551 legitur.
1495 2471 1556 2534 iarn

286 2575 367 2640 haec
393 2578 512 2654 omnia,
537 2578 721 2658 quaedum,
746 2571 902 2660 exemplis
927 2577 1173 2645 confirmentur.
1524 2595 1528 2600 ’

334 2684 366 2766 1)
389 2683 428 2748 Ε.
455 2689 519 2748 544
543 2686 667 2749 τούτων
691 2685 749 2778 οὖν
773 2687 889 2750 οὕνεκα
905 2688 1044 2760 πάντων,
1063 2685 1112 2749 ότι
1131 2691 1204 2761 κτλ,
1223 2683 1346 2763 αἴρεσθ’
1369 2687 1454 2770 αὐτῷ
1479 2682 1563 2750 πολὺ

287 2791 323 2856 τὸ
349 2791 469 2871 ῥόθιον.

333 2896 369 2968 N.
395 2902 413 2962 6
439 2900 574 2964 ἀπόλοιο
598 2900 666 2977 δῆτ’
690 2900 716 2963 ὦ
740 2899 857 2978 πόλεμε
880 2905 1009 2965 πολλῶν
1042 2902 1159 2964 οὕνεκα
1186 2901 1317 2981 „multis
1354 2901 1393 2964 de
1418 2899 1556 2965 causis“.

289 3004 425 3088 (Eadem
448 3006 575 3071 locutio
599 3007 720 3090 legitur
742 3007 776 3074 in
799 3007 836 3072 N.
865 3011 959 3072 1508.
991 3008 1048 3072 Th.
1074 3013 1149 3075 454.
1185 3006 1242 3072 Ec.
1270 3009 1342 3072 559.
1380 3009 1470 3090 659).
1497 3007 1552 3071 861
1622 3031 1623 3080 ρ

287 3115 370 3191 πλὴν
395 3113 421 3177 εἰ
443 3115 594 3199 Προδίκῳ
617 3115 893 3198 (ὑπακούσαιμεν),
917 3121 962 3200 τῷ
986 3118 1042 3193 μὲν
1066 3115 1192 3193 σοφίας
1217 3118 1267 3178 καὶ
1289 3116 1418 3194 γνώμης
1435 3116 1555 3184 οὕνεκα,
1622 3119 1623 3178 J

289 3220 343 3282 σοὶ
366 3219 401 3282 δὲ
426 3217 475 3282 ότι
499 3224 562 3283 κτλ.
589 3223 649 3283 511
676 3221 719 3285 rer
742 3221 861 3300 χαίρων
890 3224 947 3297 τῆς
981 3220 1127 3298 ἀνδρείας
1161 3220 1277 3283 οὕνεκα
1311 3220 1438 3298 ταύτης,
1478 3217 1557 3282 1217

288 3328 353 3388 τῶν
376 3325 512 3404 ἐμαυτοῦ
537 3323 566 3402 γ’
590 3327 896 3406 ἕνεκα-χρημάτων
921 3326 1002 3390 ἕλκω
1027 3342 1065 3391 σε
1085 3325 1145 3407 „ob
1162 3342 1267 3389 meam
1287 3319 1459 3406 pecuniam
1478 3330 1557 3407 (mu-

288 3440 377 3496 tuam
402 3432 558 3518 datam)“,
584 3434 640 3516 qni
663 3435 755 3499 locus
781 3434 877 3497 etiam
905 3433 993 3496 alind
1017 3433 1255 3513 interpretandi
1279 3451 1382 3514 genus
1407 3431 1560 3497 admittit:¹

292 3539 352 3619 „ad
376 3543 635 3622 recuperandam
659 3542 833 3622 pecuniam
858 3557 963 3604 meam
997 3538 1156 3621 (mutuam
1181 3539 1337 3621 ‹laram)“.
1376 3542 1459 3603 1766
1485 3536 1560 3602 ἀπό

290 3647 486 3713 λοιο-ἕνεκ’
512 3649 680 3726 ἀναιδείας.
710 3650 793 3712 1508
818 3649 911 3711 δίωκε
945 3648 1038 3726 βάλλε
1073 3649 1145 3710 παίε
1180 3651 1310 3710 πολλῶν
1346 3647 1471 3721 οὕνεκα,
1506 3663 1558 3723 μο-

289 3758 380 3818 λιστα
404 3753 432 3817 δ’
454 3754 546 3831 εἰδὼς
569 3760 632 3819 κτλ.
721 3797 724 3800 -
1622 3841 1623 3844 ¹

335 3855 375 3925 V:
396 3863 457 3924 719
483 3859 530 3925 ὼν
564 3859 669 3925 οὕνεκ’
705 3863 768 3937 ἐγώ
800 3856 831 3925 σ’
869 3860 1028 3944 ἀπέκλῃον
1066 3879 1150 3941 „qua
1181 3861 1220 3924 de
1257 3862 1388 3924 cousa“.
1425 3858 1555 3942 (Eadem
1622 3869 1623 3936 j

276 3968 412 4033 iocutio
437 3967 601 4032 invenitur
625 3969 658 4032 in
683 3968 722 4030 V.
751 3971 847 4034 1347.
871 3967 906 4031 Ρ.
933 3971 1006 4034 221.
1042 3971 1115 4032 664.
1154 3969 1243 4047 760).
1279 3969 1343 4030 886
1381 3965 1556 4051 κάπᾴδομεν
1622 4037 1623 4054 ¹

289 4080 411 4140 νέαισιν
436 4075 548 4155 ἀρχαῖς
572 4075 664 4139 ἕνεκα
688 4079 752 4140 τῶν
774 4078 1045 4155 προλελεγμένων.
1073 4077 1155 4140 1347
1182 4074 1228 4138 ὧν
1252 4071 1357 4137 οὕνεκ’
1378 4073 1500 4149 ἀπόδος
1514 4073 1559 4150 τῷ
1622 4077 1623 4130 ι

288 4184 356 4247 πέει
379 4186 456 4266 τῳδί
479 4184 579 4262 χάριν,
605 4183 692 4264 quod
715 4182 798 4247 nihil
820 4182 887 4247 fere
911 4179 1022 4247 differt
1046 4183 1085 4246 ab
1103 4177 1179 4246 ἀνθ’
1206 4180 1261 4248 ὧν.

236 4532 238 4537 ·
324 4507 339 4539 *
358 4506 461 4561 Parum
480 4506 657 4573 recte'igitur
675 4505 785 4571 Papeus
803 4505 831 4558 in
853 4503 939 4559 lexico
957 4503 984 4556 in
1004 4520 1029 4557 ν.
1049 4503 1094 4556 oro
1113 4503 1146 4572 (I,
1164 4517 1191 4570 p.
1212 4503 1275 4553 571²
1296 4500 1338 4554 111
1354 4499 1411 4569 ed.)
1425 4499 1474 4556 hoc
1491 4501 1556 4554 inter

290 4596 370 4650 ἕνεκα
389 4603 419 4650 et
438 4596 483 4650 διά
499 4594 635 4650 interesse
653 4598 743 4664 putat,
762 4594 834 4661 quod
853 4593 921 4648 illud
942 4593 1085 4648 consilium
1105 4589 1214 4659 agendi,
1233 4588 1285 4643 hoc
1304 4605 1415 4644 causam
1435 4588 1556 4644 declara
