3326 5372
826 399 1023 460 -1‘14-

338 559 374 626 N.
401 565 463 626 359
503 566 605 644 φράζε
643 567 726 643 ττρὸς
762 564 854 646 ἡμᾶς,
893 566 957 627 518
993 569 1115 642 κατερῶ
1153 567 1236 644 ιτρὸς
1274 567 1355 644 ὑμᾶς
1375 567 1547 646 -τάλοθῆ,

296 671 380 732 1079
405 668 473 736 τάδ’
498 671 640 750 ἀντερεῖς
662 675 745 751 πρὸς
767 673 877 738 αὐτόν.
897 675 981 736 1352
998 674 1099 748 λέγειν
1115 677 1198 752 πρὸς
1213 675 1271 738 τὸν
1287 677 1387 754 χορόν
1399 674 1548 756 (tilleio.

292 776 392 843 vind.
417 797 448 858 p.
476 778 542 861 79).

338 882 376 946 V.
402 888 444 946 44
469 883 536 948 εἰπε
557 885 641 962 πρός
664 905 710 961 με.
739 887 779 947 78
803 884 853 948 ὁδὶ
875 886 911 950 δέ
935 901 1018 964 φησι
1041 885 1171 962 Σωσίας
1194 887 1276 961 πρὸς
1297 883 1473 963 Δερκύλον.
1496 888 1547 950 335

288 992 376 1069 πρὸς
400 990 708 1069 εὔνους-φράσεις.
1628 1003 1630 1070 ζ

337 1097 373 1161 Ρ.
400 1101 439 1161 67
465 1097 718 1176 ἔφασκε-πρὸς
741 1099 849 1162 αὑτόν.
876 1099 938 1161 539
962 1099 1044 1174 πρὸς
1069 1097 1208 1176 ἀλλήλας
1228 1101 1392 1162 λαλοῦσιν.
1417 1101 1478 1162 658
1499 1098 1550 1161 οὐκ
1629 1083 1630 1100 ’

288 1205 333 1268 ,ἂν
356 1204 441 1268 εἴποι
464 1206 669 1282 πρὸς-τοὺς
692 1207 886 1283 θεωμένους.
923 1206 987 1267 660
1010 1205 1093 1282 ττρός
1119 1204 1334 1268 σὲ-εἰτιάτω.
1368 1207 1431 1270 661
1456 1206 1553 1269 εἰιιὲ-

292 1313 376 1390 πρὸς
400 1312 464 1389 ἐμέ.
1630 1336 1631 1375 ι

342 1417 401 1480 Αν.
425 1421 488 1482 315
512 1420 581 1483 τίνα
600 1421 825 1498 λόγον-πρὸς
842 1419 1036 1499 ἐμὲ-έχων.
1055 1420 1118 1482 336
1130 1421 1214 1498 πρὸς
1229 1417 1464 1498 τοῦτον-ἡμῖν
1479 1421 1555 1484 ἐστιν

288 1525 431 1605 ὕστερος
454 1527 561 1605 λόγος.
586 1530 648 1590 397
674 1527 826 1606 φήσομεν
848 1528 931 1605 πρὸς
955 1528 1032 1605 τοὺς
1056 1530 1268 1606 στρατηγούς.
1287 1531 1351 1591 594
1368 1528 1558 1606 τὰς-έμτιο-

293 1632 492 1709 ρίας-πρός
514 1633 573 1696 τὸν
596 1633 705 1710 μάντιν
728 1635 928 1711 κατεροῦσιν.
1630 1607 1631 1644 ¹

338 1737 373 1802 L.
399 1741 440 1802 95
464 1739 662 1818 μύσιδδε-ὅ
688 1761 715 1804 τι
739 1744 797 1820 λῇς
820 1736 895 1804 ποθ’
920 1740 990 1818 ἁμέ.
1015 1744 1077 1805 414
1103 1742 1186 1819 πρὸς
1202 1741 1404 1820 σκυτοτόμον
1425 1743 1491 1814 ταδὶ
1513 1739 1558 1803 λέ.
1630 1679 1631 1774 1

293 1867 350 1922 γει.
376 1850 439 1909 993
465 1847 510 1924 ὡς
532 1848 615 1925 πρὸς
638 1843 733 1911 εἰδότ’
766 1847 949 1924 ἑμέ-λέγε,
986 1848 1070 1911 1076
1094 1848 1121 1912 τί
1144 1851 1183 1924 δῆ
1208 1846 1281 1910 ποθ’
1306 1849 1364 1925 ὑμὲ
1387 1849 1486 1912 πολλὰ
1508 1869 1559 1924 μυ·
1620 1839 1624 1850 ’

295 1953 414 2016 σίδδειν
439 1951 510 2030 έπη;

337 2057 397 2121 Th.
422 2062 487 2122 410
510 2061 593 2138 πρὸς
616 2061 692 2136 τοὺς
715 2060 1123 2138 γέροντας-διαβέβληκεν
1144 2057 1267 2146 (ἡμᾶς).

338 2165 377 2234 R.
406 2169 489 2229 1007
514 2168 596 2245 πρὸς
618 2166 962 2242 τοῦτον-ἀντιλέγειν.

338 2271 399 2340 Ec.
427 2275 490 2337 168
514 2275 596 2352 πρὸς
619 2276 771 2350 γυναῖκας
796 2274 908 2348 λέγειν.
934 2277 997 2338 249
1023 2273 1164 2350 ἀντερεῖς
1186 2275 1268 2350 πρὸς
1292 2273 1402 2337 αὐτόν.

340 2379 390 2444 Pl.
417 2381 480 2443 252
504 2381 532 2444 τί
554 2383 615 2458 γὰρ
639 2379 678 2444 ἄν
700 2401 746 2457 τις
771 2378 841 2460 οὐχὶ
863 2383 947 2459 πρὸς
970 2384 1009 2446 σὲ
1032 2380 1151 2458 τάληθῆ
1176 2381 1274 2462 λέγοι;
1476 2457 1481 2468 Ι

340 2487 413 2552 Huc
438 2486 623 2569 pertinere.
640 2491 719 2568 puto
754 2486 956 2552 locutionem
978 2489 1061 2566 πρὸς
1084 2487 1230 2564 ἐμαυτόν,
1255 2485 1311 2550 ubi
1335 2486 1454 2568 aliquis
1478 2482 1560 2563 apud

217 2673 220 2680 Ι
288 2613 329 2658 se
353 2592 481 2674 aliquid
504 2591 612 2656 iacere
637 2592 760 2656 dieitur
786 2593 885 2674 („upo
912 2593 1040 2672 ce6u“).
1167 2593 1172 2604 '

340 2697 378 2762 R.
404 2702 445 2762 53
470 2701 848 2777 ἀναγιγνώσκοντι-τὴν
872 2699 1087 2779 Ἀνδρομέδαν
1109 2699 1192 2776 πρὸς
1209 2701 1355 2777 έμαυτόν.

340 2804 399 2870 Eo.
426 2808 490 2868 880
515 2805 706 2882 μινυρομένη
730 2826 758 2868 τι
781 2807 864 2883 πρὸς
888 2807 1027 2884 ἐμαυτὴν
1050 2808 1155 2885 μέλος.
1189 2810 1249 2869 931
1277 2807 1345 2887 ᾄδω
1369 2807 1451 2884 πρὸς
1474 2803 1560 2880 έμαυ-

296 2914 362 2991 τήν.
390 2914 473 2976 1060
498 2916 657 2990 θαρρῆσαι
680 2912 762 2990 πρὸς
787 2911 932 2990 έμαυτόν.

341 3017 470 3082 Eodem
498 3017 603 3081 refero

341 3126 379 3188 A.
407 3126 491 3188 1032
517 3129 591 3189 κλᾶε
626 3125 708 3202 πρὸς
740 3126 817 3203 τοὺς
851 3125 1020 3199 Πιττάλου,
1045 3124 1101 3187 ubi
1133 3123 1264 3189 auditur
1288 3127 1439 3204 μαθητάς,
1464 3119 1562 3186 nteit

292 3231 400 3298 schol.
427 3230 505 3313 (non
531 3231 653 3309 οἴκους,
677 3236 716 3295 ut
737 3230 896 3308 nonnulli;
921 3251 949 3294 ν.
971 3230 1087 3299 Elmsl.
1112 3231 1155 3295 ad
1178 3232 1258 3296 th.
1278 3233 1388 3312 1222).
1403 3229 1560 3304 Aliiltou

298 3338 464 3419 scriptura
484 3339 567 3417 πρὸς
590 3340 648 3402 τοῦ
672 3337 831 3401 Πιττάλου
857 3343 891 3401 et
912 3333 1032 3402 Suidae
1063 3338 1171 3402 verbis
1190 3338 1236 3420 (in
1253 3327 1440 3419 Σπίτταλος)
1454 3337 1561 3402 ἄπελθε

297 3445 381 3522 πρὸς
404 3447 461 3508 τοῦ
486 3445 661 3509 Σπιττάλου
686 3442 831 3524 decepti,
851 3443 1037 3526 genetivum
1074 3443 1289 3526 scripserunt,
1315 3464 1415 3526 quem
1439 3437 1562 3524 „Pittoli

300 3550 453 3614 domum“
481 3550 753 3631 interpretantur.
784 3547 847 3614 Sed
871 3550 983 3615 dubito
1008 3569 1049 3615 an
1074 3569 1137 3616 non
1165 3549 1294 3616 Graeca
1319 3553 1362 3616 sit
1383 3542 1561 3615 huiusmodi

298 3657 434 3723 omissio
459 3676 488 3720 ν.
513 3656 594 3721 οἰκία
627 3656 712 3738 apud
747 3657 829 3734 πρός
863 3658 1141 3739 praepositionem
1168 3659 1256 3742 (nem
1280 3658 1366 3740 apud
1390 3660 1433 3734 ἐν,
1459 3657 1507 3734 εἰς,
1532 3653 1562 3716 ἐκ

295 3765 363 3830 hoe
397 3761 469 3828 fieri
508 3764 658 3845 constat),
683 3770 715 3826 et
739 3761 900 3828 articulus
935 3768 993 3829 τοῦ
1022 3763 1194 3830 offensioni
1219 3771 1270 3829 est
1294 3767 1337 3846 (v.
1363 3784 1393 3847 p,
1418 3766 1484 3847 45).
1505 3759 1563 3824 illo

297 3889 377 3936 vero
403 3869 524 3935 Suidae
547 3869 658 3951 potius
682 3869 919 3942 accusativum.
945 3889 1042 3954 quam
1074 3872 1262 3953 genetivum
1287 3870 1480 3938 confirmare
1502 3865 1561 3932 exi·
1630 3923 1631 3981 1

300 3978 410 4044 stimo.
435 3976 518 4042 Nem
546 3993 620 4040 eum
642 3975 790 4042 medicus
823 3977 879 4041 ille
911 3996 976 4042 non
999 3979 1183 4057 Σπίτταλος,
1209 3978 1266 4044 sed
1290 3979 1447 4056 Πίτταλος
1469 3975 1563 4041 luisse

298 4083 463 4160 videatur,
489 4083 551 4165 (ita
576 4082 662 4147 enim
687 4078 844 4148 scribitur
868 4089 903 4148 et
925 4085 958 4148 in
981 4084 1063 4166 ipsis
1088 4091 1202 4165 poetae
1227 4081 1337 4150 verbis
1360 4086 1395 4150 in
1418 4087 1454 4149 Α.
1477 4080 1562 4147 1032·

302 4193 397 4255 1222.
422 4189 462 4252 V.
492 4191 588 4270 1432,
613 4197 647 4253 et
680 4188 715 4252 in
751 4189 885 4255 scholiis
920 4191 961 4255 erl
990 4193 1029 4254 Α.
1057 4189 1261 4256 1032517.
1290 4193 1400 4272 1432),
1425 4191 1495 4274 quis
1518 4185 1564 4249 est

299 4297 354 4379 qui
391 4313 455 4362 nou
492 4297 571 4361 mihi
607 4297 802 4373 consentiat,
827 4297 947 4364 Suidae
983 4301 1040 4362 τοῦ
1073 4300 1247 4363 Σπιττάλου
1273 4318 1289 4363 e
1314 4301 1391 4377 τοὺς
1414 4296 1560 4362 Πιττάλου

295 4410 410 4469 ortum
435 4404 524 4470 esse?
546 4405 664 4488 (Aliter
688 4403 913 4486 Vogelreuter.
936 4425 969 4490 p.
996 4411 1033 4494 3l
1063 4407 1160 4488 ann).
