3326 5372
818 457 1018 520 -loo-

283 624 333 690 dis
358 630 608 706 proponeretur,
633 625 683 690 ἐπὶ
715 631 771 708 τῷ
806 627 917 709 μόσχῳ
940 625 1053 706 potius
1078 624 1252 688 dicendum
1288 629 1388 692 esset.
1412 622 1548 686 Tertiam
1638 631 1639 636 ’

284 731 543 814 explicationem,
566 731 705 801 facetam
731 732 835 814 magis
858 749 956 814 quam
973 749 1095 806 veram,
1124 750 1230 812 nuper
1253 731 1393 813 protulit
1424 729 1549 798 Schnei-

283 839 382 906 derus
412 841 465 924 (N.
490 840 603 906 Jahrb.
627 841 649 904 f.
674 839 732 906 Ph.
757 861 786 907 v.
812 841 888 922 115,
912 857 944 920 p.
968 844 1032 904 310
1056 840 1132 922 sq.):
1148 838 1340 920 „Suspicor
1356 838 1470 920 iuquit,
1486 837 1550 904 suis

284 945 388 1028 ipsius
411 947 521 1014 verbis
544 946 668 1029 aliquid
692 946 823 1012 ridiculi
847 945 1020 1014 admisisse
1037 946 1234 1012 Deritheum
1251 951 1447 1026 canonum,
1472 944 1550 1028 quod

285 1053 470 1118 auditorum
498 1052 616 1119 animis
641 1052 739 1118 etiam
765 1057 881 1133 postea
904 1070 970 1118 non
993 1049 1101 1117 minirs
1125 1051 1305 1118 inhaeserit
1328 1069 1427 1133 quam
1451 1051 1551 1132 Hege-

283 1158 371 1224 lochi
395 1160 450 1223 ille
474 1160 508 1224 in
531 1161 694 1242 loquendo
709 1161 915 1225 commissus
939 1176 1033 1224 error
1056 1159 1165 1237 γαλήν’
1189 1158 1289 1238 ὁρῶ...
1315 1158 1393 1224 Nam
1425 1159 1454 1224 si
1476 1159 1551 1222 Der.

282 1267 365 1331 dixit
387 1271 494 1332 metro
526 1285 606 1334 usus
629 1267 901 1352 dactylium-tut
925 1268 1051 1352 Μόσχῳ
1083 1267 1255 1347 ἐσέρχομαι
1276 1271 1280 1342 i
1300 1267 1464 1351 ᾀσόμενος
1488 1267 1552 1332 Βοι-

282 1375 431 1454 ώτιον-,
455 1373 516 1439 hae
540 1392 655 1440 vocum
680 1373 910 1450 collocatione,
936 1393 1031 1456 quam
1056 1374 1129 1439 Dic.
1154 1375 1307 1454 servavit,
1332 1374 1454 1440 invitus
1477 1371 1547 1438 elfe-

282 1480 328 1546 oit
350 1487 387 1547 ut
409 1481 532 1548 dixisse
555 1483 726 1548 videretur
748 1484 798 1549 ἐπὶ
822 1483 935 1568 μόσχῳ
960 1482 1158 1562 ἐσέρχεσθαι,
1183 1481 1205 1546 i.
1230 1501 1259 1547 e.
1284 1481 1388 1548 vitulo
1412 1480 1548 1548 insiden-

280 1593 347 1652 tem
371 1587 496 1654 inlrare
521 1608 557 1654 se
580 1588 621 1653 ad
639 1589 835 1656 cantandum
854 1589 1007 1654 Bouianum
1021 1590 1125 1668 μέλος,
1148 1606 1213 1654 nou
1229 1589 1316 1671 quod
1333 1590 1405 1671 ipse
1429 1587 1551 1654 volebat

282 1699 358 1776 post
382 1695 553 1760 Moschum
579 1715 615 1761 ae
641 1697 799 1762 intrare“.

324 1801 366 1866 N.
390 1805 455 1868 480
478 1804 550 1869 tvo·
578 1807 720 1885 μηχανὰς
743 1806 805 1884 ἤδη
830 1801 872 1868 ’πὶ
888 1803 1020 1881 τούτοις
1042 1804 1125 1882 πρὸς
1157 1806 1198 1869 σὲ
1232 1807 1343 1884 καινὰς
1377 1804 1550 1884 προσφέρω

282 1908 472 1991 „posthae“,
497 1911 707 1992 quodetiam
732 1910 934 1993 „seeundum
957 1909 1058 1974 haec“
1084 1911 1169 1976 verti
1201 1917 1320 1993 potest
1347 1917 1384 1978 ut
1406 1913 1455 1978 έπί
1477 1910 1552 1992 logi·

283 2033 366 2092 cam,
391 2034 476 2100 quae
501 2022 646 2095 vocatur,
672 2017 835 2101 exprimat
863 2017 1141 2084 consecutionem.

329 2124 366 2190 P.
393 2128 476 2193 1085
502 2127 553 2192 ἐπὶ
578 2133 623 2209 τῷ
658 2128 828 2207 πραχθέντι
850 2127 995 2204 ποιήσεις
1019 2127 1158 2205 ὕστερον
1181 2125 1278 2192 οὐδέν
1304 2133 1400 2207 „post
1416 2126 1449 2191 id
1471 2124 1553 2208 quod

286 2233 350 2298 iam
375 2239 484 2296 aetum
514 2235 598 2312 est“‚
622 2234 643 2298 i.
668 2251 697 2297 e.
722 2234 773 2299 ἐπὶ
794 2241 840 2320 τῷ
859 2234 1009 2311 γενέσθαι
1031 2235 1090 2312 τὴν
1112 2234 1240 2314 εἰρήνην
1265 2234 1407 2318 (schol).

328 2339 365 2406 L.
394 2344 479 2408 1295
503 2342 835 2423 πρόφαινε-μοῦσαν
858 2342 908 2408 ἐπὶ
931 2343 987 2428 νέῳ
1010 2343 1087 2410 νέον
1122 2340 1255 2423 „proter
1290 2342 1486 2408 cantilenam
1512 2337 1550 2404 cle

256 2456 260 2463 '
284 2465 369 2512 nova
385 2449 536 2512 novam“.
834 2461 836 2465 ·
1481 2509 1484 2516 .

326 2554 387 2620 Th.
414 2555 498 2620 1045
525 2555 564 2634 ὃς
589 2551 636 2635 ἔμ’
661 2556 840 2636 ἀπεξύρησε
863 2560 1002 2634 πρῶτον,
1029 2558 1068 2636 ὃς
1083 2557 1138 2636 ἐμὲ
1153 2557 1289 2636 κροκόεν
1304 2552 1372 2622 τόδ’
1391 2556 1546 2622 ἐνέδυσεν·

284 2662 334 2728 ἐπὶ
356 2663 392 2727 δὲ
414 2658 517 2728 τοῖσδ’
542 2662 587 2741 εἰς
609 2660 677 2728 τόδ’
704 2662 885 2743 ἀνέπεμψεν
907 2661 994 2742 ἱερόν
1019 2665 1187 2745 „posteu“.
1262 2647 1268 2664 ‘

327 2768 386 2834 Ec.
410 2771 452 2834 82
476 2770 550 2835 τάπὶ
572 2769 697 2848 τούτοις
715 2771 878 2850 δράσομεν
908 2768 1087 2850 „iaciemus
1111 2790 1195 2853 quae
1217 2772 1390 2852 posthaec
1407 2767 1552 2836 iacienda

287 2879 395 2944 sunt“.
418 2878 509 2942 Idem
534 2877 655 2960 legitur
675 2877 709 2942 in

331 2985 379 3049 Pl.
405 2989 445 3048 57
470 2987 490 3063 ἢ
512 2985 584 3051 τάπὶ
606 2985 731 3063 τούτοις
756 2989 835 3064 δρῶ,
863 2985 950 3067 quod
974 2985 1075 3054 schol.
1105 2985 1351 3066 interpretetur:
1379 2988 1419 3050 τὰ
1446 2985 1495 3049 ἐπὶ
1518 2986 1553 3064 τῇ

288 3093 494 3174 ἀπειλῇ-τὰ
518 3095 553 3156 δὲ
577 3093 645 3158 ἐστὶ
663 3094 780 3173 πληγαὶ
801 3095 852 3158 καὶ
874 3094 1047 3172 τραύματα.

582 3396 618 3463 0.
644 3393 746 3478 Ἐπί,
771 3416 799 3464 c.
822 3417 916 3480 gen.
943 3396 1264 3472 coniunctum,

333 3573 358 3638 Ι.
385 3571 504 3640 Loculi
526 3555 634 3640 sensu

319 3683 364 3766 Δ1)
388 3681 518 3765 Aliquid
542 3682 640 3748 alicui
665 3683 713 3747 rei
738 3683 927 3764 impositum
963 3683 1000 3747 io
1036 3702 1163 3747 summo
1198 3703 1237 3747 ea
1273 3681 1471 3747 commorari
1507 3679 1553 3746 vel

288 3793 440 3858 universe
466 3809 504 3854 ea
528 3791 586 3855 niti
612 3794 670 3856 aut
693 3790 737 3854 ihi
761 3787 833 3854 fieri
857 3788 1021 3865 signifieat
1043 3787 1190 3876 (‚,super,
1217 3790 1283 3874 in“,
1310 3789 1418 3874 „ua“).
1433 3789 1552 3854 Eodem

288 3896 483 3979 significatu,
509 3902 545 3962 ut
569 3916 668 3979 supra
692 3897 844 3975 diximus
862 3899 911 3963 ἐπί
927 3898 1037 3962 dativo
1056 3916 1185 3979 quoque
1206 3897 1361 3980 iungitur.
1382 3892 1553 3976 Quaerenti

288 4005 377 4081 mihi,
398 4004 480 4088 'quid
496 4003 583 4068 inter
599 4009 770 4086 utrmnque
789 4004 1068 4070 constructionem
1089 4004 1276 4082 interesset,
1295 4023 1412 4068 sensus
1430 4002 1553 4086 quidem

288 4111 464 4177 discrimen
490 4130 565 4186 osse,
587 4107 712 4176 nullum
738 4110 843 4176 visum
869 4107 958 4175 ost*:
991 4130 1063 4176 narn
1090 4111 1121 4174 in
1157 4111 1270 4174 eudem
1307 4111 1357 4175 vel
1394 4111 1553 4177 simillimo

288 4265 510 4284 —n—-n—'

319 4345 436 4400 *Falsa
457 4353 498 4401 eat
518 4347 588 4401 enim
607 4345 715 4402 subtilis
734 4347 782 4401 illa
801 4347 939 4417 Kruegeri
960 4348 1096 4404 distinctio
1117 4349 1148 4416 (1,
1167 4351 1210 4416 68,
1231 4351 1274 4418 41,
1295 4351 1322 4419 l)
1343 4363 1397 4416 qrra
1426 4347 1486 4400 «hei
1511 4341 1550 4398 ἐπί

287 4436 337 4489 mit
355 4435 416 4490 dem
435 4435 483 4490 Ge.
503 4435 569 4488 mirol
589 4437 650 4490 eine
663 4435 741 4490 mehr
759 4436 899 4507 aufallige„
918 4439 1019 4493 freiero
1039 4437 1219 4506 Verbindung
1238 4438 1364 4506 gedueht3
1382 4437 1427 4492 bei
1446 4439 1490 4492 ἐπὶ
1508 4432 1550 4486 mit

289 4525 350 4580 dem
370 4523 420 4578 Da.
438 4524 557 4578 sclrueht
575 4525 655 4579 mehr
674 4523 725 4576 der
744 4525 850 4592 Begriff
867 4525 916 4578 der
945 4525 1162 4593 Zugehdrigkeit
1182 4541 1256 4580 voro:
1276 4542 1338 4578 nam
1359 4533 1389 4577 ut
1406 4517 1549 4580 necessario

289 4619 332 4668 est
349 4613 501 4668 coniunctio
521 4629 612 4666 rerum
632 4615 660 4666 in
680 4612 715 4667 N.
736 4617 804 4667 1170
825 4620 852 4667 et
870 4617 920 4668 Αν.
940 4619 1001 4685 487,
1029 4615 1067 4669 sic
1087 4615 1201 4668 fortuita
1220 4615 1248 4667 iu
1266 4615 1297 4668 l..
1319 4618 1395 4669 1026.
1419 4614 1470 4668 Th.
1491 4609 1547 4666 1182

290 4705 353 4760 aliis
372 4702 473 4758 mullis.
