<?xml version="1.0" encoding="UTF-8"?>
<!DOCTYPE html PUBLIC "-//W3C//DTD XHTML 1.0 Transitional//EN"
    "http://www.w3.org/TR/xhtml1/DTD/xhtml1-transitional.dtd">
<html xmlns="http://www.w3.org/1999/xhtml" xml:lang="en" lang="en">
 <head>
  <title>
</title>
<meta http-equiv="Content-Type" content="text/html;charset=utf-8" />
  <meta name='ocr-system' content='tesseract 3.04.00' />
  <meta name='ocr-capabilities' content='ocr_page ocr_carea ocr_par ocr_line ocrx_word'/>
</head>
<body>
  <div class='ocr_page' id='page_1' title='image "./depraepositionu00sobogoog_0021.png"; bbox 0 0 3328 5370; ppageno 0'>
   <div class='ocr_carea' id='block_1_1' title="bbox 781 511 959 574">
    <p class='ocr_par' dir='ltr' id='par_1_1' title="bbox 781 511 959 574">
     <span class='ocr_line' id='line_1_1' title="bbox 781 511 959 574; baseline 0 -16"><span class='ocrx_word' id='word_1_1' title='bbox 781 511 959 574; x_wconf 81' lang='lat'>-10-</span> 
     </span>
    </p>
   </div>
   <div class='ocr_carea' id='block_1_2' title="bbox 92 677 1523 4708">
    <p class='ocr_par' dir='ltr' id='par_1_2' title="bbox 213 677 1499 1186">
     <span class='ocr_line' id='line_1_2' title="bbox 222 677 1497 762; baseline -0.002 -18"><span class='ocrx_word' id='word_1_2' title='bbox 222 680 371 761; x_wconf 85' lang='lat' dir='ltr'>exempla</span> <span class='ocrx_word' id='word_1_3' title='bbox 391 679 579 746; x_wconf 83' lang='lat' dir='ltr'>huiusmodi</span> <span class='ocrx_word' id='word_1_4' title='bbox 603 677 772 760; x_wconf 76' lang='lat' dir='ltr'>congessit</span> <span class='ocrx_word' id='word_1_5' title='bbox 795 681 829 742; x_wconf 88' lang='lat' dir='ltr'>et</span> <span class='ocrx_word' id='word_1_6' title='bbox 857 679 947 744; x_wconf 89' lang='lat' dir='ltr'>huuc</span> <span class='ocrx_word' id='word_1_7' title='bbox 981 678 1091 742; x_wconf 86' lang='lat' dir='ltr'>locum</span> <span class='ocrx_word' id='word_1_8' title='bbox 1130 679 1280 744; x_wconf 89' lang='lat' dir='ltr'>Porsono</span> <span class='ocrx_word' id='word_1_9' title='bbox 1315 685 1497 762; x_wconf 83' lang='lat' dir='ltr'>praeeunte</span> 
     </span>
     <span class='ocr_line' id='line_1_3' title="bbox 222 783 1498 869; baseline 0.001 -18"><span class='ocrx_word' id='word_1_10' title='bbox 222 785 433 868; x_wconf 78' lang='lat' dir='ltr'><strong>emendavit).</strong></span> <span class='ocrx_word' id='word_1_11' title='bbox 457 787 541 854; x_wconf 88' lang='lat' dir='ltr'>Idem</span> <span class='ocrx_word' id='word_1_12' title='bbox 567 789 706 868; x_wconf 86' lang='lat' dir='ltr'>apparet</span> <span class='ocrx_word' id='word_1_13' title='bbox 729 803 768 848; x_wconf 81' lang='lat' dir='ltr'>eu</span> <span class='ocrx_word' id='word_1_14' title='bbox 790 783 829 848; x_wconf 87' lang='grc' dir='ltr'>Ε.</span> <span class='ocrx_word' id='word_1_15' title='bbox 853 788 930 862; x_wconf 89' lang='grc'>477,</span> <span class='ocrx_word' id='word_1_16' title='bbox 954 784 1021 861; x_wconf 88' lang='lat' dir='ltr'>ubi,</span> <span class='ocrx_word' id='word_1_17' title='bbox 1058 790 1095 850; x_wconf 94' lang='lat' dir='ltr'>ut</span> <span class='ocrx_word' id='word_1_18' title='bbox 1118 803 1218 867; x_wconf 89' lang='lat' dir='ltr'>supra</span> <span class='ocrx_word' id='word_1_19' title='bbox 1252 785 1330 869; x_wconf 62' lang='lat' dir='ltr'>dixi„</span> <span class='ocrx_word' id='word_1_20' title='bbox 1365 786 1498 852; x_wconf 87' lang='lat' dir='ltr'>codices</span> 
     </span>
     <span class='ocr_line' id='line_1_4' title="bbox 213 889 1499 975; baseline -0.002 -17"><span class='ocrx_word' id='word_1_21' title='bbox 213 892 288 975; x_wconf 86' lang='lat' dir='ltr'>ipsi</span> <span class='ocrx_word' id='word_1_22' title='bbox 312 891 482 959; x_wconf 82' lang='lat' dir='ltr'>fluctuent.</span> <span class='ocrx_word' id='word_1_23' title='bbox 508 892 572 958; x_wconf 86' lang='lat' dir='ltr'>Sed</span> <span class='ocrx_word' id='word_1_24' title='bbox 596 892 657 974; x_wconf 83' lang='lat' dir='ltr'>„de</span> <span class='ocrx_word' id='word_1_25' title='bbox 682 889 867 958; x_wconf 86' lang='lat' dir='ltr'>hominibus</span> <span class='ocrx_word' id='word_1_26' title='bbox 889 891 1005 958; x_wconf 85' lang='lat' dir='ltr'>dicunt</span> <span class='ocrx_word' id='word_1_27' title='bbox 1027 892 1063 956; x_wconf 87' lang='grc' dir='ltr'>ἐν</span> <span class='ocrx_word' id='word_1_28' title='bbox 1083 897 1119 972; x_wconf 85' lang='grc' dir='ltr'>τῇ</span> <span class='ocrx_word' id='word_1_29' title='bbox 1145 891 1237 975; x_wconf 82' lang='grc' dir='ltr'>οἰκίᾳ,</span> <span class='ocrx_word' id='word_1_30' title='bbox 1269 893 1304 957; x_wconf 83' lang='grc' dir='ltr'>ἐν</span> <span class='ocrx_word' id='word_1_31' title='bbox 1326 897 1363 974; x_wconf 81' lang='grc' dir='ltr'>τῇ</span> <span class='ocrx_word' id='word_1_32' title='bbox 1388 892 1499 970; x_wconf 83' lang='grc' dir='ltr'>ἐκκλη-</span> 
     </span>
     <span class='ocr_line' id='line_1_5' title="bbox 224 996 1496 1082; baseline -0.002 -18"><span class='ocrx_word' id='word_1_33' title='bbox 224 1000 289 1082; x_wconf 84' lang='grc' dir='ltr'>σίᾳ,</span> <span class='ocrx_word' id='word_1_34' title='bbox 315 999 351 1063; x_wconf 86' lang='grc' dir='ltr'>ἐν</span> <span class='ocrx_word' id='word_1_35' title='bbox 373 1004 408 1078; x_wconf 85' lang='grc' dir='ltr'>τῇ</span> <span class='ocrx_word' id='word_1_36' title='bbox 433 999 545 1077; x_wconf 89' lang='grc' dir='ltr'>Πυκνί,</span> <span class='ocrx_word' id='word_1_37' title='bbox 570 999 604 1063; x_wconf 88' lang='grc' dir='ltr'>ἐν</span> <span class='ocrx_word' id='word_1_38' title='bbox 627 1003 672 1082; x_wconf 84' lang='grc' dir='ltr'>τῷ</span> <span class='ocrx_word' id='word_1_39' title='bbox 697 998 841 1082; x_wconf 81' lang='grc' dir='ltr'>κουρείῳ</span> <span class='ocrx_word' id='word_1_40' title='bbox 867 998 907 1062; x_wconf 91' lang='lat' dir='ltr'>de</span> <span class='ocrx_word' id='word_1_41' title='bbox 932 996 1046 1063; x_wconf 86' lang='lat' dir='ltr'>auibus</span> <span class='ocrx_word' id='word_1_42' title='bbox 1082 1015 1160 1063; x_wconf 89' lang='lat' dir='ltr'>vero</span> <span class='ocrx_word' id='word_1_43' title='bbox 1195 998 1245 1063; x_wconf 84' lang='grc' dir='ltr'>ἐπί</span> <span class='ocrx_word' id='word_1_44' title='bbox 1284 1001 1367 1064; x_wconf 59' lang='lat' dir='ltr'>etc!</span> <span class='ocrx_word' id='word_1_45' title='bbox 1406 997 1496 1078; x_wconf 85' lang='lat' dir='ltr'>(Hir-</span> 
     </span>
     <span class='ocr_line' id='line_1_6' title="bbox 224 1102 893 1186; baseline -0.003 -16"><span class='ocrx_word' id='word_1_46' title='bbox 224 1103 370 1186; x_wconf 82' lang='lat' dir='ltr'>schigius</span> <span class='ocrx_word' id='word_1_47' title='bbox 394 1104 429 1168; x_wconf 87' lang='lat' dir='ltr'>iu</span> <span class='ocrx_word' id='word_1_48' title='bbox 452 1102 617 1186; x_wconf 79' lang='lat' dir='ltr'>Philologi</span> <span class='ocrx_word' id='word_1_49' title='bbox 640 1122 670 1170; x_wconf 86' lang='grc' dir='ltr'>ν.</span> <span class='ocrx_word' id='word_1_50' title='bbox 695 1107 725 1183; x_wconf 90' lang='grc'>5,</span> <span class='ocrx_word' id='word_1_51' title='bbox 749 1121 781 1183; x_wconf 84' lang='grc' dir='ltr'>ρ.</span> <span class='ocrx_word' id='word_1_52' title='bbox 806 1102 893 1186; x_wconf 84' lang='grc'>281).</span> 
     </span>
    </p>

    <p class='ocr_par' dir='ltr' id='par_1_3' title="bbox 269 1210 872 1292">
     <span class='ocr_line' id='line_1_7' title="bbox 269 1210 872 1292; baseline -0.003 -16"><span class='ocrx_word' id='word_1_53' title='bbox 269 1210 403 1276; x_wconf 83' lang='grc' dir='ltr'>οἰκία</span> <span class='ocrx_word' id='word_1_54' title='bbox 429 1212 464 1274; x_wconf 81' lang='grc' dir='ltr'>Α.</span> <span class='ocrx_word' id='word_1_55' title='bbox 490 1214 554 1274; x_wconf 94' lang='grc'>975</span> <span class='ocrx_word' id='word_1_56' title='bbox 579 1213 619 1276; x_wconf 89' lang='grc' dir='ltr'>τὰ</span> <span class='ocrx_word' id='word_1_57' title='bbox 642 1212 700 1289; x_wconf 89' lang='grc' dir='ltr'>μὲν</span> <span class='ocrx_word' id='word_1_58' title='bbox 722 1211 758 1276; x_wconf 83' lang='grc' dir='ltr'>ἐν</span> <span class='ocrx_word' id='word_1_59' title='bbox 781 1210 872 1292; x_wconf 80' lang='grc' dir='ltr'>οἰκίᾳ.</span> 
     </span>
    </p>

    <p class='ocr_par' dir='ltr' id='par_1_4' title="bbox 268 1318 1075 1402">
     <span class='ocr_line' id='line_1_8' title="bbox 268 1318 1075 1402; baseline 0 -19"><span class='ocrx_word' id='word_1_60' title='bbox 268 1318 307 1384; x_wconf 90' lang='lat' dir='ltr'>V.</span> <span class='ocrx_word' id='word_1_61' title='bbox 334 1319 397 1381; x_wconf 79' lang='lat'>827</span> <span class='ocrx_word' id='word_1_62' title='bbox 421 1319 449 1382; x_wconf 91' lang='grc' dir='ltr'>τί</span> <span class='ocrx_word' id='word_1_63' title='bbox 471 1319 518 1396; x_wconf 89' lang='grc' dir='ltr'>τίς</span> <span class='ocrx_word' id='word_1_64' title='bbox 543 1320 642 1384; x_wconf 91' lang='grc' dir='ltr'>κακὸν</span> <span class='ocrx_word' id='word_1_65' title='bbox 665 1320 798 1396; x_wconf 79' lang='grc' dir='ltr'>δέδρακε</span> <span class='ocrx_word' id='word_1_66' title='bbox 820 1323 887 1384; x_wconf 87' lang='grc' dir='ltr'>τῶν</span> <span class='ocrx_word' id='word_1_67' title='bbox 910 1321 946 1385; x_wconf 89' lang='grc' dir='ltr'>ἐν</span> <span class='ocrx_word' id='word_1_68' title='bbox 968 1319 1075 1402; x_wconf 73' lang='grc' dir='ltr'>τ’ᾡκίᾳς</span> 
     </span>
    </p>

    <p class='ocr_par' dir='ltr' id='par_1_5' title="bbox 266 1423 1410 1504">
     <span class='ocr_line' id='line_1_9' title="bbox 266 1423 1410 1504; baseline 0.002 -16"><span class='ocrx_word' id='word_1_69' title='bbox 266 1423 327 1488; x_wconf 85' lang='lat' dir='ltr'>Ec.</span> <span class='ocrx_word' id='word_1_70' title='bbox 353 1425 414 1486; x_wconf 83' lang='lat'>211</span> <span class='ocrx_word' id='word_1_71' title='bbox 441 1424 476 1488; x_wconf 90' lang='grc' dir='ltr'>ἐν</span> <span class='ocrx_word' id='word_1_72' title='bbox 498 1427 568 1502; x_wconf 88' lang='grc' dir='ltr'>ταῖς</span> <span class='ocrx_word' id='word_1_73' title='bbox 590 1423 632 1493; x_wconf 89' lang='grc' dir='ltr'>οἰ.</span> <span class='ocrx_word' id='word_1_74' title='bbox 656 1424 783 1501; x_wconf 84' lang='grc' dir='ltr'>ταύταις</span> <span class='ocrx_word' id='word_1_75' title='bbox 806 1425 988 1504; x_wconf 85' lang='grc' dir='ltr'>ἐπιτρόποις</span> <span class='ocrx_word' id='word_1_76' title='bbox 1012 1427 1062 1489; x_wconf 84' lang='grc' dir='ltr'>καὶ</span> <span class='ocrx_word' id='word_1_77' title='bbox 1082 1425 1223 1503; x_wconf 81' lang='grc' dir='ltr'>ταμίαισι</span> <span class='ocrx_word' id='word_1_78' title='bbox 1251 1426 1410 1504; x_wconf 82' lang='grc' dir='ltr'>χρώμεθα.</span> 
     </span>
    </p>

    <p class='ocr_par' dir='ltr' id='par_1_6' title="bbox 268 1529 1474 1614">
     <span class='ocr_line' id='line_1_10' title="bbox 268 1529 1474 1614; baseline 0 -20"><span class='ocrx_word' id='word_1_79' title='bbox 268 1530 415 1608; x_wconf 73' lang='grc' dir='ltr'>οἰκος</span> <span class='ocrx_word' id='word_1_80' title='bbox 440 1529 477 1595; x_wconf 89' lang='lat' dir='ltr'>N.</span> <span class='ocrx_word' id='word_1_81' title='bbox 503 1532 567 1594; x_wconf 90' lang='grc'>600</span> <span class='ocrx_word' id='word_1_82' title='bbox 592 1531 691 1608; x_wconf 78' lang='grc' dir='ltr'>οἰκον,</span> <span class='ocrx_word' id='word_1_83' title='bbox 717 1531 751 1596; x_wconf 85' lang='grc' dir='ltr'>ἐν</span> <span class='ocrx_word' id='word_1_84' title='bbox 775 1533 801 1614; x_wconf 79' lang='grc' dir='ltr'>ᾧ</span> <span class='ocrx_word' id='word_1_85' title='bbox 826 1532 917 1609; x_wconf 88' lang='grc' dir='ltr'>κόραι</span> <span class='ocrx_word' id='word_1_86' title='bbox 940 1549 979 1597; x_wconf 94' lang='grc' dir='ltr'>σε</span> <span class='ocrx_word' id='word_1_87' title='bbox 1002 1533 1115 1597; x_wconf 81' lang='grc' dir='ltr'>Λυδῶν</span> <span class='ocrx_word' id='word_1_88' title='bbox 1139 1532 1285 1610; x_wconf 84' lang='grc' dir='ltr'>μεγάλως</span> <span class='ocrx_word' id='word_1_89' title='bbox 1309 1533 1474 1610; x_wconf 81' lang='grc' dir='ltr'>σέβουσιν.</span> 
     </span>
    </p>

    <p class='ocr_par' dir='ltr' id='par_1_7' title="bbox 227 1633 1497 1829">
     <span class='ocr_line' id='line_1_11' title="bbox 265 1633 1497 1719; baseline 0.001 -18"><span class='ocrx_word' id='word_1_90' title='bbox 265 1638 383 1716; x_wconf 62' lang='lat' dir='ltr'>epae</span> <span class='ocrx_word' id='word_1_91' title='bbox 400 1656 521 1715; x_wconf 89' lang='grc' dir='ltr'>υρον;</span> <span class='ocrx_word' id='word_1_92' title='bbox 548 1633 581 1702; x_wconf 86' lang='lat' dir='ltr'>V.</span> <span class='ocrx_word' id='word_1_93' title='bbox 608 1641 671 1701; x_wconf 89' lang='grc'>803</span> <span class='ocrx_word' id='word_1_94' title='bbox 697 1637 770 1719; x_wconf 83' lang='grc' dir='ltr'>(ὡς)</span> <span class='ocrx_word' id='word_1_95' title='bbox 795 1639 854 1702; x_wconf 91' lang='grc' dir='ltr'>κάν</span> <span class='ocrx_word' id='word_1_96' title='bbox 891 1643 960 1718; x_wconf 81' lang='grc' dir='ltr'>τοῖς</span> <span class='ocrx_word' id='word_1_97' title='bbox 997 1662 1029 1704; x_wconf 93' lang='grc' dir='ltr'>π.</span> <span class='ocrx_word' id='word_1_98' title='bbox 1062 1638 1307 1716; x_wconf 88' lang='grc' dir='ltr'>ἐνοικοδομήσοι</span> <span class='ocrx_word' id='word_1_99' title='bbox 1330 1642 1392 1715; x_wconf 83' lang='grc' dir='ltr'>πάις</span> <span class='ocrx_word' id='word_1_100' title='bbox 1416 1637 1497 1714; x_wconf 87' lang='grc' dir='ltr'>ἀνὴρ</span> 
     </span>
     <span class='ocr_line' id='line_1_12' title="bbox 227 1744 583 1829; baseline -0.006 -20"><span class='ocrx_word' id='word_1_101' title='bbox 227 1744 314 1829; x_wconf 83' lang='grc' dir='ltr'>αὐτῷ</span> <span class='ocrx_word' id='word_1_102' title='bbox 339 1745 583 1824; x_wconf 86' lang='grc' dir='ltr'>δικαστηρίδιον.</span> 
     </span>
    </p>

    <p class='ocr_par' dir='ltr' id='par_1_8' title="bbox 270 1849 821 1930">
     <span class='ocr_line' id='line_1_13' title="bbox 270 1849 821 1930; baseline -0.002 -16"><span class='ocrx_word' id='word_1_103' title='bbox 270 1849 330 1914; x_wconf 84' lang='lat' dir='ltr'>Ec.</span> <span class='ocrx_word' id='word_1_104' title='bbox 357 1855 420 1915; x_wconf 90' lang='grc'>709</span> <span class='ocrx_word' id='word_1_105' title='bbox 447 1851 573 1928; x_wconf 80' lang='grc' dir='ltr'>ἐντοῖς</span> <span class='ocrx_word' id='word_1_106' title='bbox 595 1874 628 1916; x_wconf 87' lang='grc' dir='ltr'>π.</span> <span class='ocrx_word' id='word_1_107' title='bbox 654 1853 821 1930; x_wconf 88' lang='grc' dir='ltr'>δέφεσθαι.</span> 
     </span>
    </p>

    <p class='ocr_par' dir='ltr' id='par_1_9' title="bbox 224 1957 1498 2147">
     <span class='ocr_line' id='line_1_14' title="bbox 269 1957 1498 2041; baseline -0.002 -21"><span class='ocrx_word' id='word_1_108' title='bbox 269 1979 292 2020; x_wconf 94' lang='grc' dir='ltr'>π</span> <span class='ocrx_word' id='word_1_109' title='bbox 305 1961 567 2034; x_wconf 88' lang='grc' dir='ltr'>ρυτανεῑον;</span> <span class='ocrx_word' id='word_1_110' title='bbox 595 1957 633 2020; x_wconf 84' lang='grc' dir='ltr'>Ε.</span> <span class='ocrx_word' id='word_1_111' title='bbox 660 1961 722 2020; x_wconf 89' lang='grc'>167</span> <span class='ocrx_word' id='word_1_112' title='bbox 750 1958 785 2029; x_wconf 84' lang='grc' dir='ltr'>ἐν</span> <span class='ocrx_word' id='word_1_113' title='bbox 808 1958 985 2041; x_wconf 86' lang='grc' dir='ltr'>πρυτανείῳ</span> <span class='ocrx_word' id='word_1_114' title='bbox 1009 1959 1161 2022; x_wconf 87' lang='grc' dir='ltr'>λαικάσει.</span> <span class='ocrx_word' id='word_1_115' title='bbox 1191 1961 1253 2022; x_wconf 88' lang='grc'>535</span> <span class='ocrx_word' id='word_1_116' title='bbox 1277 1957 1376 2021; x_wconf 92' lang='grc' dir='ltr'>πίνειν</span> <span class='ocrx_word' id='word_1_117' title='bbox 1399 1957 1435 2020; x_wconf 89' lang='grc' dir='ltr'>ἐν</span> <span class='ocrx_word' id='word_1_118' title='bbox 1451 1960 1498 2036; x_wconf 86' lang='grc' dir='ltr'>τῷ</span> 
     </span>
     <span class='ocr_line' id='line_1_15' title="bbox 224 2063 1180 2147; baseline 0 -20"><span class='ocrx_word' id='word_1_119' title='bbox 224 2084 258 2127; x_wconf 91' lang='grc' dir='ltr'>π.</span> <span class='ocrx_word' id='word_1_120' title='bbox 284 2065 348 2125; x_wconf 90' lang='grc'>709</span> <span class='ocrx_word' id='word_1_121' title='bbox 371 2063 430 2127; x_wconf 89' lang='grc' dir='ltr'>τάν</span> <span class='ocrx_word' id='word_1_122' title='bbox 452 2063 630 2147; x_wconf 89' lang='grc' dir='ltr'>πρυτανείῳ</span> <span class='ocrx_word' id='word_1_123' title='bbox 654 2065 747 2128; x_wconf 92' lang='grc' dir='ltr'>σιτία.</span> <span class='ocrx_word' id='word_1_124' title='bbox 773 2066 837 2126; x_wconf 88' lang='grc'>766</span> <span class='ocrx_word' id='word_1_125' title='bbox 861 2067 998 2129; x_wconf 82' lang='grc' dir='ltr'>δειπνεῖν</span> <span class='ocrx_word' id='word_1_126' title='bbox 1021 2064 1123 2147; x_wconf 83' lang='grc' dir='ltr'>ἐντῷ</span> <span class='ocrx_word' id='word_1_127' title='bbox 1147 2087 1180 2128; x_wconf 93' lang='grc' dir='ltr'>π.</span> 
     </span>
    </p>

    <p class='ocr_par' dir='ltr' id='par_1_10' title="bbox 272 2169 916 2254">
     <span class='ocr_line' id='line_1_16' title="bbox 272 2169 916 2254; baseline 0.008 -21"><span class='ocrx_word' id='word_1_128' title='bbox 272 2169 309 2233; x_wconf 93' lang='grc' dir='ltr'>Ρ.</span> <span class='ocrx_word' id='word_1_129' title='bbox 336 2172 421 2233; x_wconf 88' lang='grc'><strong>1084</strong></span> <span class='ocrx_word' id='word_1_130' title='bbox 446 2170 707 2247; x_wconf 52' lang='grc' dir='ltr'>δειπνήσεις-*ἐν</span> <span class='ocrx_word' id='word_1_131' title='bbox 729 2171 916 2254; x_wconf 83' lang='grc' dir='ltr'>πρυτανείῳ.</span> 
     </span>
    </p>

    <p class='ocr_par' dir='ltr' id='par_1_11' title="bbox 269 2275 1011 2361">
     <span class='ocr_line' id='line_1_17' title="bbox 269 2275 1011 2361; baseline 0.005 -23"><span class='ocrx_word' id='word_1_132' title='bbox 269 2275 308 2340; x_wconf 89' lang='lat' dir='ltr'>R.</span> <span class='ocrx_word' id='word_1_133' title='bbox 335 2278 398 2338; x_wconf 81' lang='grc'>764</span> <span class='ocrx_word' id='word_1_134' title='bbox 422 2276 547 2353; x_wconf 92' lang='grc' dir='ltr'>σίτησιν</span> <span class='ocrx_word' id='word_1_135' title='bbox 570 2277 606 2341; x_wconf 90' lang='grc' dir='ltr'>ἐν</span> <span class='ocrx_word' id='word_1_136' title='bbox 628 2279 806 2361; x_wconf 89' lang='grc' dir='ltr'>πρυτανείῳ</span> <span class='ocrx_word' id='word_1_137' title='bbox 830 2278 1011 2356; x_wconf 86' lang='grc' dir='ltr'>λαμβάνειν.</span> 
     </span>
    </p>

    <p class='ocr_par' dir='ltr' id='par_1_12' title="bbox 92 2377 1497 2692">
     <span class='ocr_line' id='line_1_18' title="bbox 187 2377 1497 2460; baseline -0.004 -14"><span class='ocrx_word' id='word_1_138' title='bbox 187 2454 190 2460; x_wconf 51' lang='grc'>,</span> <span class='ocrx_word' id='word_1_139' title='bbox 269 2382 533 2459; x_wconf 79' lang='grc' dir='ltr'>πυργίδιονι</span> <span class='ocrx_word' id='word_1_140' title='bbox 558 2379 598 2446; x_wconf 85' lang='grc' dir='ltr'>Ε.</span> <span class='ocrx_word' id='word_1_141' title='bbox 628 2384 691 2446; x_wconf 89' lang='grc'>793</span> <span class='ocrx_word' id='word_1_142' title='bbox 716 2381 852 2448; x_wconf 55' lang='grc' dir='ltr'>οἰκοῦντ)</span> <span class='ocrx_word' id='word_1_143' title='bbox 875 2383 1002 2459; x_wconf 85' lang='grc' dir='ltr'>ἐντοῖς</span> <span class='ocrx_word' id='word_1_144' title='bbox 1035 2383 1236 2447; x_wconf 89' lang='grc' dir='ltr'>πιθάκναισιν</span> <span class='ocrx_word' id='word_1_145' title='bbox 1259 2383 1310 2445; x_wconf 80' lang='grc' dir='ltr'>καί</span> <span class='ocrx_word' id='word_1_146' title='bbox 1332 2377 1497 2455; x_wconf 86' lang='grc' dir='ltr'>γυπαρίοις</span> 
     </span>
     <span class='ocr_line' id='line_1_19' title="bbox 229 2486 485 2564; baseline -0.004 -14"><span class='ocrx_word' id='word_1_147' title='bbox 229 2488 280 2550; x_wconf 86' lang='grc' dir='ltr'>καὶ</span> <span class='ocrx_word' id='word_1_148' title='bbox 302 2486 485 2564; x_wconf 90' lang='grc' dir='ltr'>πυργιδίοις.</span> 
     </span>
     <span class='ocr_line' id='line_1_20' title="bbox 92 2591 983 2692; baseline -0.003 -31"><span class='ocrx_word' id='word_1_149' title='bbox 92 2653 96 2661; x_wconf 96' lang='grc'>.</span> <span class='ocrx_word' id='word_1_150' title='bbox 194 2673 199 2692; x_wconf 41' lang='grc' dir='ltr'><em>Ι</em></span> <span class='ocrx_word' id='word_1_151' title='bbox 273 2592 421 2656; x_wconf 77' lang='grc' dir='ltr'>πύλαιι</span> <span class='ocrx_word' id='word_1_152' title='bbox 445 2591 483 2654; x_wconf 89' lang='lat' dir='ltr'>R.</span> <span class='ocrx_word' id='word_1_153' title='bbox 512 2591 598 2655; x_wconf 79' lang='grc'>1094</span> <span class='ocrx_word' id='word_1_154' title='bbox 622 2592 656 2656; x_wconf 86' lang='grc' dir='ltr'>ἐν</span> <span class='ocrx_word' id='word_1_155' title='bbox 680 2597 764 2658; x_wconf 77' lang='grc' dir='ltr'>ταῖσι</span> <span class='ocrx_word' id='word_1_156' title='bbox 788 2616 819 2658; x_wconf 91' lang='grc' dir='ltr'>π.</span> <span class='ocrx_word' id='word_1_157' title='bbox 843 2595 983 2658; x_wconf 91' lang='grc' dir='ltr'>παίουσι.</span> 
     </span>
    </p>

    <p class='ocr_par' dir='ltr' id='par_1_13' title="bbox 270 2697 1015 2785">
     <span class='ocr_line' id='line_1_21' title="bbox 270 2697 1015 2785; baseline 0.003 -23"><span class='ocrx_word' id='word_1_158' title='bbox 270 2702 454 2782; x_wconf 75' lang='grc' dir='ltr'>ᾡδεῑονι</span> <span class='ocrx_word' id='word_1_159' title='bbox 479 2697 520 2763; x_wconf 91' lang='lat' dir='ltr'>V.</span> <span class='ocrx_word' id='word_1_160' title='bbox 549 2703 631 2763; x_wconf 87' lang='lat'>1109</span> <span class='ocrx_word' id='word_1_161' title='bbox 657 2700 692 2763; x_wconf 85' lang='grc' dir='ltr'>ἐν</span> <span class='ocrx_word' id='word_1_162' title='bbox 716 2702 818 2785; x_wconf 79' lang='grc' dir='ltr'>ᾠδείῳ</span> <span class='ocrx_word' id='word_1_163' title='bbox 843 2703 1015 2767; x_wconf 84' lang='grc' dir='ltr'>δικάζουσι.</span> 
     </span>
    </p>

    <p class='ocr_par' dir='ltr' id='par_1_14' title="bbox 226 2805 1498 3426">
     <span class='ocr_line' id='line_1_22' title="bbox 272 2805 1497 2891; baseline -0.001 -18"><span class='ocrx_word' id='word_1_164' title='bbox 272 2807 409 2885; x_wconf 82' lang='lat' dir='ltr'>Quando</span> <span class='ocrx_word' id='word_1_165' title='bbox 433 2805 558 2891; x_wconf 91' lang='lat' dir='ltr'>aliquid</span> <span class='ocrx_word' id='word_1_166' title='bbox 582 2807 704 2874; x_wconf 87' lang='lat' dir='ltr'>dicitur</span> <span class='ocrx_word' id='word_1_167' title='bbox 724 2810 832 2890; x_wconf 89' lang='lat' dir='ltr'>„domi</span> <span class='ocrx_word' id='word_1_168' title='bbox 857 2810 996 2875; x_wconf 89' lang='lat' dir='ltr'>alicuius</span> <span class='ocrx_word' id='word_1_169' title='bbox 1021 2814 1114 2876; x_wconf 86' lang='lat' dir='ltr'>esse“</span> <span class='ocrx_word' id='word_1_170' title='bbox 1140 2814 1193 2876; x_wconf 86' lang='lat' dir='ltr'>uel</span> <span class='ocrx_word' id='word_1_171' title='bbox 1227 2811 1360 2875; x_wconf 86' lang='lat' dir='ltr'>domum</span> <span class='ocrx_word' id='word_1_172' title='bbox 1384 2811 1497 2874; x_wconf 89' lang='lat' dir='ltr'>domo·</span> 
     </span>
     <span class='ocr_line' id='line_1_23' title="bbox 226 2913 1496 2999; baseline 0.003 -21"><span class='ocrx_word' id='word_1_173' title='bbox 226 2933 266 2979; x_wconf 87' lang='lat' dir='ltr'>ue</span> <span class='ocrx_word' id='word_1_174' title='bbox 305 2916 446 2982; x_wconf 86' lang='lat' dir='ltr'>alieuius</span> <span class='ocrx_word' id='word_1_175' title='bbox 482 2915 543 2994; x_wconf 89' lang='lat' dir='ltr'>ire,</span> <span class='ocrx_word' id='word_1_176' title='bbox 565 2915 673 2980; x_wconf 82' lang='lat' dir='ltr'>solent</span> <span class='ocrx_word' id='word_1_177' title='bbox 711 2913 829 2982; x_wconf 86' lang='lat' dir='ltr'>Graeci</span> <span class='ocrx_word' id='word_1_178' title='bbox 867 2917 998 2983; x_wconf 90' lang='lat' dir='ltr'>domum</span> <span class='ocrx_word' id='word_1_179' title='bbox 1038 2918 1200 2994; x_wconf 78' lang='lat' dir='ltr'>omittere,</span> <span class='ocrx_word' id='word_1_180' title='bbox 1236 2924 1273 2981; x_wconf 92' lang='lat' dir='ltr'>ut</span> <span class='ocrx_word' id='word_1_181' title='bbox 1294 2914 1496 2999; x_wconf 85' lang='lat' dir='ltr'>praepositio</span> 
     </span>
     <span class='ocr_line' id='line_1_24' title="bbox 226 3022 1497 3106; baseline 0 -19"><span class='ocrx_word' id='word_1_182' title='bbox 226 3022 381 3102; x_wconf 81' lang='lat' dir='ltr'>genetivo</span> <span class='ocrx_word' id='word_1_183' title='bbox 405 3039 577 3103; x_wconf 80' lang='lat' dir='ltr'>personae,</span> <span class='ocrx_word' id='word_1_184' title='bbox 601 3025 672 3090; x_wconf 63' lang='lat' dir='ltr'>,sive</span> <span class='ocrx_word' id='word_1_185' title='bbox 697 3024 730 3088; x_wconf 95' lang='lat' dir='ltr'>id</span> <span class='ocrx_word' id='word_1_186' title='bbox 752 3041 871 3090; x_wconf 88' lang='lat' dir='ltr'>nomen</span> <span class='ocrx_word' id='word_1_187' title='bbox 894 3025 1075 3106; x_wconf 86' lang='lat' dir='ltr'>proprium,</span> <span class='ocrx_word' id='word_1_188' title='bbox 1092 3025 1162 3090; x_wconf 86' lang='lat' dir='ltr'>siue</span> <span class='ocrx_word' id='word_1_189' title='bbox 1185 3022 1419 3105; x_wconf 79' lang='lat' dir='ltr'>appellativum</span> <span class='ocrx_word' id='word_1_190' title='bbox 1435 3027 1497 3099; x_wconf 88' lang='lat' dir='ltr'>est,</span> 
     </span>
     <span class='ocr_line' id='line_1_25' title="bbox 227 3117 1498 3212; baseline 0.002 -20"><span class='ocrx_word' id='word_1_191' title='bbox 227 3126 382 3194; x_wconf 83' lang='lat' dir='ltr'>adiuncta</span> <span class='ocrx_word' id='word_1_192' title='bbox 406 3117 479 3194; x_wconf 85' lang='lat' dir='ltr'>esse</span> <span class='ocrx_word' id='word_1_193' title='bbox 502 3127 663 3198; x_wconf 81' lang='lat' dir='ltr'>videatur.</span> <span class='ocrx_word' id='word_1_194' title='bbox 688 3128 849 3196; x_wconf 80' lang='lat' dir='ltr'>Similiter</span> <span class='ocrx_word' id='word_1_195' title='bbox 872 3131 1030 3212; x_wconf 87' lang='lat' dir='ltr'>ternplum</span> <span class='ocrx_word' id='word_1_196' title='bbox 1054 3137 1088 3196; x_wconf 89' lang='lat' dir='ltr'>et</span> <span class='ocrx_word' id='word_1_197' title='bbox 1110 3148 1214 3212; x_wconf 80' lang='lat' dir='ltr'><strong>pagus</strong></span> <span class='ocrx_word' id='word_1_198' title='bbox 1232 3130 1359 3212; x_wconf 82' lang='grc' dir='ltr'>(δῆμος)</span> <span class='ocrx_word' id='word_1_199' title='bbox 1376 3128 1498 3194; x_wconf 83' lang='lat' dir='ltr'>omitti·</span> 
     </span>
     <span class='ocr_line' id='line_1_26' title="bbox 226 3233 1497 3319; baseline 0.002 -21"><span class='ocrx_word' id='word_1_200' title='bbox 226 3241 293 3299; x_wconf 90' lang='lat' dir='ltr'>tur.</span> <span class='ocrx_word' id='word_1_201' title='bbox 333 3233 528 3301; x_wconf 85' lang='lat' dir='ltr'>Cuiusmodi</span> <span class='ocrx_word' id='word_1_202' title='bbox 563 3237 722 3319; x_wconf 85' lang='lat' dir='ltr'>exempla,</span> <span class='ocrx_word' id='word_1_203' title='bbox 746 3237 803 3303; x_wconf 93' lang='lat' dir='ltr'>ubi</span> <span class='ocrx_word' id='word_1_204' title='bbox 827 3238 862 3302; x_wconf 85' lang='grc' dir='ltr'>ἐν</span> <span class='ocrx_word' id='word_1_205' title='bbox 884 3238 1036 3319; x_wconf 82' lang='lat' dir='ltr'>genetivo</span> <span class='ocrx_word' id='word_1_206' title='bbox 1072 3254 1232 3317; x_wconf 83' lang='lat' dir='ltr'><strong>personae</strong></span> <span class='ocrx_word' id='word_1_207' title='bbox 1264 3237 1410 3300; x_wconf 89' lang='lat' dir='ltr'>iunctum</span> <span class='ocrx_word' id='word_1_208' title='bbox 1434 3241 1497 3312; x_wconf 88' lang='lat' dir='ltr'>est,</span> 
     </span>
     <span class='ocr_line' id='line_1_27' title="bbox 227 3342 691 3426; baseline 0 -18"><span class='ocrx_word' id='word_1_209' title='bbox 227 3342 313 3426; x_wconf 87' lang='lat' dir='ltr'>apud</span> <span class='ocrx_word' id='word_1_210' title='bbox 337 3346 393 3408; x_wconf 80' lang='lat' dir='ltr'>Ar.</span> <span class='ocrx_word' id='word_1_211' title='bbox 418 3344 500 3408; x_wconf 84' lang='lat' dir='ltr'>haec</span> <span class='ocrx_word' id='word_1_212' title='bbox 523 3343 691 3410; x_wconf 88' lang='lat' dir='ltr'>habemus.</span> 
     </span>
    </p>

    <p class='ocr_par' dir='ltr' id='par_1_15' title="bbox 225 3447 1523 4708">
     <span class='ocr_line' id='line_1_28' title="bbox 272 3447 1496 3533; baseline 0 -21"><span class='ocrx_word' id='word_1_213' title='bbox 272 3449 310 3512; x_wconf 83' lang='grc' dir='ltr'>Ε.</span> <span class='ocrx_word' id='word_1_214' title='bbox 338 3454 377 3516; x_wconf 89' lang='grc'>79</span> <span class='ocrx_word' id='word_1_215' title='bbox 403 3449 422 3513; x_wconf 92' lang='grc' dir='ltr'>δ</span> <span class='ocrx_word' id='word_1_216' title='bbox 445 3451 605 3528; x_wconf 87' lang='grc' dir='ltr'>νοῦς-ἐν</span> <span class='ocrx_word' id='word_1_217' title='bbox 628 3452 810 3524; x_wconf 85' lang='grc' dir='ltr'>Κλωπιδῶν,</span> <span class='ocrx_word' id='word_1_218' title='bbox 846 3448 902 3512; x_wconf 86' lang='lat' dir='ltr'>ubi</span> <span class='ocrx_word' id='word_1_219' title='bbox 942 3447 1200 3514; x_wconf 87' lang='lat' dir='ltr'>subaudiendum</span> <span class='ocrx_word' id='word_1_220' title='bbox 1224 3455 1275 3514; x_wconf 86' lang='lat' dir='ltr'>est</span> <span class='ocrx_word' id='word_1_221' title='bbox 1298 3450 1398 3533; x_wconf 85' lang='grc' dir='ltr'>δήμῳ;</span> <span class='ocrx_word' id='word_1_222' title='bbox 1421 3465 1496 3514; x_wconf 88' lang='lat' dir='ltr'>nam</span> 
     </span>
     <span class='ocr_line' id='line_1_29' title="bbox 230 3552 1497 3639; baseline -0.002 -19"><span class='ocrx_word' id='word_1_223' title='bbox 230 3555 385 3621; x_wconf 87' lang='grc' dir='ltr'>Κλωπίδαι</span> <span class='ocrx_word' id='word_1_224' title='bbox 399 3557 524 3621; x_wconf 84' lang='lat' dir='ltr'>comice</span> <span class='ocrx_word' id='word_1_225' title='bbox 536 3573 598 3637; x_wconf 96' lang='lat' dir='ltr'>pro</span> <span class='ocrx_word' id='word_1_226' title='bbox 617 3557 774 3634; x_wconf 87' lang='grc' dir='ltr'>Κρωπίδαι</span> <span class='ocrx_word' id='word_1_227' title='bbox 790 3553 917 3620; x_wconf 86' lang='lat' dir='ltr'>dictum</span> <span class='ocrx_word' id='word_1_228' title='bbox 931 3555 1093 3636; x_wconf 71' lang='lat' dir='ltr'>estquod</span> <span class='ocrx_word' id='word_1_229' title='bbox 1108 3560 1290 3621; x_wconf 86' lang='lat' dir='ltr'>estuomen</span> <span class='ocrx_word' id='word_1_230' title='bbox 1305 3555 1384 3639; x_wconf 85' lang='lat' dir='ltr'>pagi</span> <span class='ocrx_word' id='word_1_231' title='bbox 1395 3552 1497 3622; x_wconf 82' lang='lat' dir='ltr'>Attici</span> 
     </span>
     <span class='ocr_line' id='line_1_30' title="bbox 228 3661 1497 3746; baseline 0 -20"><span class='ocrx_word' id='word_1_232' title='bbox 228 3661 281 3746; x_wconf 83' lang='lat' dir='ltr'>(V.</span> <span class='ocrx_word' id='word_1_233' title='bbox 294 3661 427 3746; x_wconf 78' lang='lat' dir='ltr'>Schoi).</span> <span class='ocrx_word' id='word_1_234' title='bbox 441 3662 508 3726; x_wconf 87' lang='grc'>400</span> <span class='ocrx_word' id='word_1_235' title='bbox 529 3664 679 3741; x_wconf 91' lang='grc' dir='ltr'>γενοίμην</span> <span class='ocrx_word' id='word_1_236' title='bbox 692 3664 727 3728; x_wconf 84' lang='grc' dir='ltr'>ἐν</span> <span class='ocrx_word' id='word_1_237' title='bbox 740 3663 894 3739; x_wconf 88' lang='grc' dir='ltr'>Κρατίνου</span> <span class='ocrx_word' id='word_1_238' title='bbox 918 3664 1046 3741; x_wconf 85' lang='grc' dir='ltr'>κώδιον,</span> <span class='ocrx_word' id='word_1_239' title='bbox 1056 3662 1113 3727; x_wconf 90' lang='lat' dir='ltr'>ubi</span> <span class='ocrx_word' id='word_1_240' title='bbox 1137 3663 1171 3728; x_wconf 89' lang='lat' dir='ltr'>in</span> <span class='ocrx_word' id='word_1_241' title='bbox 1195 3663 1361 3728; x_wconf 85' lang='lat' dir='ltr'>codicibus</span> <span class='ocrx_word' id='word_1_242' title='bbox 1377 3661 1497 3743; x_wconf 81' lang='lat' dir='ltr'>legitur</span> 
     </span>
     <span class='ocr_line' id='line_1_31' title="bbox 228 3767 1497 3851; baseline -0.005 -17"><span class='ocrx_word' id='word_1_243' title='bbox 228 3770 272 3848; x_wconf 83' lang='grc' dir='ltr'>ἕν;</span> <span class='ocrx_word' id='word_1_244' title='bbox 285 3771 372 3836; x_wconf 89' lang='lat' dir='ltr'>sede</span> <span class='ocrx_word' id='word_1_245' title='bbox 390 3768 579 3834; x_wconf 86' lang='lat' dir='ltr'>scholiastis</span> <span class='ocrx_word' id='word_1_246' title='bbox 597 3767 684 3832; x_wconf 90' lang='lat' dir='ltr'>alter</span> <span class='ocrx_word' id='word_1_247' title='bbox 702 3769 737 3832; x_wconf 86' lang='grc' dir='ltr'>ἐν</span> <span class='ocrx_word' id='word_1_248' title='bbox 749 3767 871 3850; x_wconf 82' lang='lat' dir='ltr'>legisse</span> <span class='ocrx_word' id='word_1_249' title='bbox 886 3769 1025 3848; x_wconf 87' lang='lat' dir='ltr'>uidetur,</span> <span class='ocrx_word' id='word_1_250' title='bbox 1041 3787 1114 3834; x_wconf 86' lang='lat' dir='ltr'>cunr</span> <span class='ocrx_word' id='word_1_251' title='bbox 1139 3770 1186 3834; x_wconf 86' lang='lat' dir='ltr'>ite</span> <span class='ocrx_word' id='word_1_252' title='bbox 1208 3770 1497 3851; x_wconf 81' lang='lat' dir='ltr'>interpretaretur:</span> 
     </span>
     <span class='ocr_line' id='line_1_32' title="bbox 226 3874 1498 3956; baseline -0.003 -14"><span class='ocrx_word' id='word_1_253' title='bbox 226 3879 376 3956; x_wconf 89' lang='grc' dir='ltr'>γενοίμην</span> <span class='ocrx_word' id='word_1_254' title='bbox 400 3876 466 3952; x_wconf 78' lang='grc' dir='ltr'>οὖν,</span> <span class='ocrx_word' id='word_1_255' title='bbox 491 3876 602 3954; x_wconf 90' lang='grc' dir='ltr'>φησίν,</span> <span class='ocrx_word' id='word_1_256' title='bbox 628 3874 672 3953; x_wconf 86' lang='grc' dir='ltr'>εἰς</span> <span class='ocrx_word' id='word_1_257' title='bbox 695 3877 753 3952; x_wconf 88' lang='grc' dir='ltr'>τὴν</span> <span class='ocrx_word' id='word_1_258' title='bbox 780 3875 881 3940; x_wconf 85' lang='grc' dir='ltr'>οἰκίαν</span> <span class='ocrx_word' id='word_1_259' title='bbox 906 3878 1058 3954; x_wconf 90' lang='grc' dir='ltr'>Κρατίνου</span> <span class='ocrx_word' id='word_1_260' title='bbox 1083 3878 1208 3956; x_wconf 79' lang='grc' dir='ltr'>κώδιον,</span> <span class='ocrx_word' id='word_1_261' title='bbox 1233 3879 1317 3942; x_wconf 91' lang='grc' dir='ltr'>ώστε</span> <span class='ocrx_word' id='word_1_262' title='bbox 1342 3896 1402 3952; x_wconf 91' lang='grc' dir='ltr'>μου</span> <span class='ocrx_word' id='word_1_263' title='bbox 1425 3895 1498 3938; x_wconf 87' lang='grc' dir='ltr'>κοιτ-</span> 
     </span>
     <span class='ocr_line' id='line_1_33' title="bbox 228 3980 1516 4063; baseline 0 -15"><span class='ocrx_word' id='word_1_264' title='bbox 228 3987 338 4061; x_wconf 82' lang='grc' dir='ltr'>ουρείν</span> <span class='ocrx_word' id='word_1_265' title='bbox 371 3984 506 4061; x_wconf 80' lang='grc' dir='ltr'>ἐκεῖνον,</span> <span class='ocrx_word' id='word_1_266' title='bbox 529 3982 585 4048; x_wconf 89' lang='lat' dir='ltr'>ubi</span> <span class='ocrx_word' id='word_1_267' title='bbox 614 3980 658 4058; x_wconf 87' lang='grc' dir='ltr'>είς</span> <span class='ocrx_word' id='word_1_268' title='bbox 681 3984 739 4058; x_wconf 84' lang='grc' dir='ltr'>τὴν</span> <span class='ocrx_word' id='word_1_269' title='bbox 763 3981 863 4046; x_wconf 91' lang='grc' dir='ltr'>οἰκίαν</span> <span class='ocrx_word' id='word_1_270' title='bbox 886 4001 904 4046; x_wconf 90' lang='lat' dir='ltr'>e</span> <span class='ocrx_word' id='word_1_271' title='bbox 928 3983 1091 4048; x_wconf 84' lang='lat' dir='ltr'>seriorum</span> <span class='ocrx_word' id='word_1_272' title='bbox 1120 3982 1355 4051; x_wconf 87' lang='lat' dir='ltr'>consuetudine</span> <span class='ocrx_word' id='word_1_273' title='bbox 1378 3998 1445 4063; x_wconf 87' lang='lat' dir='ltr'>pro·</span> <span class='ocrx_word' id='word_1_274' title='bbox 1463 3981 1516 4049; x_wconf 86' lang='grc' dir='ltr'>ἐν.</span> 
     </span>
     <span class='ocr_line' id='line_1_34' title="bbox 227 4086 1499 4173; baseline -0.002 -20"><span class='ocrx_word' id='word_1_275' title='bbox 227 4097 265 4173; x_wconf 81' lang='grc' dir='ltr'>τῇ</span> <span class='ocrx_word' id='word_1_276' title='bbox 290 4090 371 4172; x_wconf 85' lang='grc' dir='ltr'>οἰκίᾳ</span> <span class='ocrx_word' id='word_1_277' title='bbox 393 4089 520 4156; x_wconf 85' lang='lat' dir='ltr'>dietum</span> <span class='ocrx_word' id='word_1_278' title='bbox 545 4097 596 4155; x_wconf 81' lang='lat' dir='ltr'>ost</span> <span class='ocrx_word' id='word_1_279' title='bbox 620 4088 674 4170; x_wconf 83' lang='lat' dir='ltr'>(et.</span> <span class='ocrx_word' id='word_1_280' title='bbox 699 4087 737 4152; x_wconf 87' lang='lat' dir='ltr'>V.</span> <span class='ocrx_word' id='word_1_281' title='bbox 762 4092 839 4168; x_wconf 84' lang='grc'>437,</span> <span class='ocrx_word' id='word_1_282' title='bbox 864 4089 920 4155; x_wconf 90' lang='lat' dir='ltr'>ubi</span> <span class='ocrx_word' id='word_1_283' title='bbox 944 4090 1024 4154; x_wconf 89' lang='lat' dir='ltr'>item</span> <span class='ocrx_word' id='word_1_284' title='bbox 1046 4090 1081 4156; x_wconf 89' lang='lat' dir='ltr'>in</span> <span class='ocrx_word' id='word_1_285' title='bbox 1104 4091 1198 4157; x_wconf 82' lang='lat' dir='ltr'>libris</span> <span class='ocrx_word' id='word_1_286' title='bbox 1223 4090 1257 4153; x_wconf 83' lang='grc' dir='ltr'>ἕν</span> <span class='ocrx_word' id='word_1_287' title='bbox 1279 4106 1340 4170; x_wconf 94' lang='lat' dir='ltr'>pro</span> <span class='ocrx_word' id='word_1_288' title='bbox 1365 4090 1400 4154; x_wconf 80' lang='grc' dir='ltr'>ἐν</span> <span class='ocrx_word' id='word_1_289' title='bbox 1417 4086 1499 4153; x_wconf 88' lang='lat' dir='ltr'>sori·</span> 
     </span>
     <span class='ocr_line' id='line_1_35' title="bbox 226 4193 1499 4282; baseline -0.002 -22"><span class='ocrx_word' id='word_1_290' title='bbox 226 4201 318 4279; x_wconf 92' lang='lat' dir='ltr'>ptum</span> <span class='ocrx_word' id='word_1_291' title='bbox 343 4193 418 4282; x_wconf 79' lang='lat' dir='ltr'>est).</span> <span class='ocrx_word' id='word_1_292' title='bbox 444 4195 509 4262; x_wconf 85' lang='lat' dir='ltr'>Cur</span> <span class='ocrx_word' id='word_1_293' title='bbox 533 4201 642 4260; x_wconf 87' lang='lat' dir='ltr'>autern</span> <span class='ocrx_word' id='word_1_294' title='bbox 668 4195 814 4261; x_wconf 85' lang='lat' dir='ltr'>Kookius</span> <span class='ocrx_word' id='word_1_295' title='bbox 838 4202 902 4260; x_wconf 86' lang='grc' dir='ltr'>τῶν</span> <span class='ocrx_word' id='word_1_296' title='bbox 932 4198 983 4274; x_wconf 91' lang='grc' dir='ltr'>Κρ.</span> <span class='ocrx_word' id='word_1_297' title='bbox 1005 4195 1212 4279; x_wconf 78' lang='lat' dir='ltr'>praetulerit,</span> <span class='ocrx_word' id='word_1_298' title='bbox 1235 4196 1361 4260; x_wconf 89' lang='lat' dir='ltr'>nescio.</span> <span class='ocrx_word' id='word_1_299' title='bbox 1385 4193 1499 4274; x_wconf 91' lang='lat' dir='ltr'>Suspi-</span> 
     </span>
     <span class='ocr_line' id='line_1_36' title="bbox 229 4301 1499 4387; baseline -0.003 -19"><span class='ocrx_word' id='word_1_300' title='bbox 229 4302 297 4368; x_wconf 86' lang='lat' dir='ltr'>ceri</span> <span class='ocrx_word' id='word_1_301' title='bbox 327 4301 459 4366; x_wconf 85' lang='lat' dir='ltr'>uidetur</span> <span class='ocrx_word' id='word_1_302' title='bbox 490 4302 540 4367; x_wconf 84' lang='lat' dir='ltr'>vir</span> <span class='ocrx_word' id='word_1_303' title='bbox 564 4301 788 4387; x_wconf 79' lang='lat' dir='ltr'>doctissimus,</span> <span class='ocrx_word' id='word_1_304' title='bbox 814 4302 860 4380; x_wconf 75' lang='grc' dir='ltr'>ἓν,</span> <span class='ocrx_word' id='word_1_305' title='bbox 885 4321 904 4367; x_wconf 84' lang='lat' dir='ltr'>a</span> <span class='ocrx_word' id='word_1_306' title='bbox 926 4305 1111 4384; x_wconf 87' lang='lat' dir='ltr'>posteriore</span> <span class='ocrx_word' id='word_1_307' title='bbox 1134 4319 1233 4366; x_wconf 87' lang='lat' dir='ltr'>manu</span> <span class='ocrx_word' id='word_1_308' title='bbox 1263 4301 1419 4373; x_wconf 85' lang='lat' dir='ltr'>additum,</span> <span class='ocrx_word' id='word_1_309' title='bbox 1444 4317 1499 4380; x_wconf 79' lang='lat' dir='ltr'>ge-</span> 
     </span>
     <span class='ocr_line' id='line_1_37' title="bbox 228 4407 1523 4491; baseline -0.003 -15"><span class='ocrx_word' id='word_1_310' title='bbox 228 4408 328 4476; x_wconf 86' lang='lat' dir='ltr'>nuino</span> <span class='ocrx_word' id='word_1_311' title='bbox 346 4414 421 4476; x_wconf 79' lang='grc' dir='ltr'>τῶν,</span> <span class='ocrx_word' id='word_1_312' title='bbox 441 4427 479 4472; x_wconf 86' lang='lat' dir='ltr'>ex</span> <span class='ocrx_word' id='word_1_313' title='bbox 503 4425 565 4474; x_wconf 85' lang='lat' dir='ltr'>sua</span> <span class='ocrx_word' id='word_1_314' title='bbox 588 4407 669 4475; x_wconf 87' lang='lat' dir='ltr'>sede</span> <span class='ocrx_word' id='word_1_315' title='bbox 694 4410 837 4485; x_wconf 87' lang='lat' dir='ltr'>demoto,</span> <span class='ocrx_word' id='word_1_316' title='bbox 864 4411 936 4476; x_wconf 86' lang='lat' dir='ltr'>eius</span> <span class='ocrx_word' id='word_1_317' title='bbox 961 4411 1065 4478; x_wconf 83' lang='lat' dir='ltr'>locum</span> <span class='ocrx_word' id='word_1_318' title='bbox 1094 4426 1285 4490; x_wconf 75' lang='lat' dir='ltr'>occupasse,</span> <span class='ocrx_word' id='word_1_319' title='bbox 1303 4408 1390 4491; x_wconf 91' lang='lat' dir='ltr'>quod</span> <span class='ocrx_word' id='word_1_320' title='bbox 1413 4407 1523 4472; x_wconf 84' lang='lat' dir='ltr'>seno&#39;</span> 
     </span>
     <span class='ocr_line' id='line_1_38' title="bbox 225 4512 1501 4598; baseline -0.001 -17"><span class='ocrx_word' id='word_1_321' title='bbox 225 4513 301 4582; x_wconf 77' lang='lat' dir='ltr'>deri</span> <span class='ocrx_word' id='word_1_322' title='bbox 323 4515 441 4597; x_wconf 85' lang='lat' dir='ltr'>potuit.</span> <span class='ocrx_word' id='word_1_323' title='bbox 465 4515 558 4592; x_wconf 85' lang='lat' dir='ltr'>Quod</span> <span class='ocrx_word' id='word_1_324' title='bbox 592 4534 668 4582; x_wconf 88' lang='lat' dir='ltr'>uero</span> <span class='ocrx_word' id='word_1_325' title='bbox 693 4516 860 4598; x_wconf 86' lang='lat' dir='ltr'>Bergkius:</span> <span class='ocrx_word' id='word_1_326' title='bbox 892 4519 947 4598; x_wconf 82' lang='grc' dir='ltr'>,ἐν</span> <span class='ocrx_word' id='word_1_327' title='bbox 972 4520 1132 4598; x_wconf 86' lang='grc' dir='ltr'>Κρατίνου,</span> <span class='ocrx_word' id='word_1_328' title='bbox 1156 4517 1273 4597; x_wconf 86' lang='lat' dir='ltr'>inquit,</span> <span class='ocrx_word' id='word_1_329' title='bbox 1297 4512 1381 4580; x_wconf 85' lang='lat' dir='ltr'>nihii</span> <span class='ocrx_word' id='word_1_330' title='bbox 1411 4513 1501 4580; x_wconf 89' lang='lat' dir='ltr'>aliud</span> 
     </span>
     <span class='ocr_line' id='line_1_39' title="bbox 228 4622 1498 4708; baseline -0.002 -22"><span class='ocrx_word' id='word_1_331' title='bbox 228 4627 280 4688; x_wconf 86' lang='lat' dir='ltr'>est</span> <span class='ocrx_word' id='word_1_332' title='bbox 304 4639 400 4702; x_wconf 83' lang='lat' dir='ltr'>quam</span> <span class='ocrx_word' id='word_1_333' title='bbox 425 4623 461 4687; x_wconf 83' lang='grc' dir='ltr'>ἐν</span> <span class='ocrx_word' id='word_1_334' title='bbox 485 4622 636 4699; x_wconf 87' lang='grc' dir='ltr'>Κρατίνου</span> <span class='ocrx_word' id='word_1_335' title='bbox 656 4625 844 4708; x_wconf 60' lang='grc' dir='ltr'>κωμῳδίᾳί,</span> <span class='ocrx_word' id='word_1_336' title='bbox 868 4623 902 4687; x_wconf 94' lang='lat' dir='ltr'>id</span> <span class='ocrx_word' id='word_1_337' title='bbox 926 4625 1004 4689; x_wconf 88' lang='lat' dir='ltr'>ruihi</span> <span class='ocrx_word' id='word_1_338' title='bbox 1028 4624 1140 4690; x_wconf 87' lang='lat' dir='ltr'>multis</span> <span class='ocrx_word' id='word_1_339' title='bbox 1179 4623 1218 4687; x_wconf 92' lang='lat' dir='ltr'>de</span> <span class='ocrx_word' id='word_1_340' title='bbox 1251 4622 1360 4688; x_wconf 89' lang='lat' dir='ltr'>causis</span> <span class='ocrx_word' id='word_1_341' title='bbox 1385 4638 1498 4704; x_wconf 90' lang='lat' dir='ltr'>suspe-</span> 
     </span>
    </p>
   </div>
   <div class='ocr_carea' id='block_1_3' title="bbox 0 0 1670 5370">
    <p class='ocr_par' dir='ltr' id='par_1_16' title="bbox 0 0 1670 5370">
     <span class='ocr_line' id='line_1_40' title="bbox 0 0 1670 5370; baseline 0 0"><span class='ocrx_word' id='word_1_342' title='bbox 0 0 1670 5370; x_wconf 95' lang='lat' dir='ltr'> </span> 
     </span>
    </p>
   </div>
  </div>
 </body>
</html>
