3298 5368
669 474 871 536 —ttla-

175 641 211 708 L.
238 643 301 708 904
324 644 524 720 κατακλίνηθι
548 639 612 719 μετ’
637 643 714 720 ἐμοῦ
739 644 790 708 διά
812 641 944 721 χρόνον.

175 748 225 814 Pl.
251 747 336 814 1055
359 752 410 815 διά
433 751 721 828 χρόνου-παίσαι.

176 857 211 935 3)
235 853 282 920 Pl.
307 858 372 921 584
395 855 650 934 Ἕλληνας-ἀεί
672 854 710 920 δι’
732 855 825 933 ἔτους
847 857 991 933 πέμπτου
1016 855 1199 933 ξυναγείρει,
1213 854 1268 936 qui
1286 870 1404 919 versus

130 969 240 1033 umen
251 963 420 1046 plerisque
434 963 685 1040 recentioribus,
703 959 830 1028 Cobeto
843 967 1034 1044 praeeunte,
1050 961 1247 1028 subditicius
1261 961 1403 1036 videtur,

131 1071 217 1156 quod
239 1069 364 1135 dubito.
390 1068 470 1134 Num
496 1070 583 1152 quud
606 1069 702 1135 facile
734 1069 849 1134 abesse
881 1073 1002 1152 potest,
1027 1086 1103 1134 num
1133 1068 1173 1132 ob
1197 1067 1280 1134 hanc
1305 1085 1402 1132 unum

132 1197 264 1244 censent
288 1196 415 1254 versus,
438 1177 530 1244 nulla
552 1195 592 1242 ex
615 1184 708 1261 parte
733 1176 883 1253 vitiosus,
907 1176 1123 1260 expellendus
1148 1174 1215 1242 est?

173 1286 232 1354 111.
257 1286 370 1366 Porro,
394 1287 446 1352 διά
470 1284 726 1352 instrumentum
749 1279 923 1368 significet,
940 1301 1006 1365 quo
1030 1282 1150 1366 aliquis
1175 1281 1215 1346 ad
1238 1300 1308 1348 rem
1331 1300 1405 1364 per-

129 1392 301 1462 ficiendum
336 1392 452 1470 utitur,
488 1392 556 1458 sive
594 1391 629 1456 id
667 1409 812 1474 persona
846 1390 894 1474 (1)
930 1390 1000 1456 sive
1036 1409 1090 1456 res
1126 1389 1175 1474 (2)
1204 1395 1264 1456 est:
1292 1389 1403 1471 „per¹‘‚

131 1516 267 1581 „upesn³
290 1501 576 1580 rrunpeuereons“.
1041 1579 1044 1586 .

175 1607 207 1686 1)
231 1603 270 1670 Ε.
299 1608 360 1670 176
384 1609 436 1670 διὰ
459 1609 522 1670 σοῦ
549 1608 648 1670 ταῦτα
671 1607 775 1670 πάντα
803 1606 964 1681 πέρναται.

172 1715 231 1778 Αν.
258 1715 344 1778 1028
368 1713 521 1780 ἔστιν-ἃ
544 1710 584 1777 δι’
607 1713 686 1790 ἐμοῦ
709 1714 885 1789 πέπρακται
907 1710 1071 1792 Φαρνάκῃ.
1114 1789 1118 1798 Ι

171 1819 208 1884 L.
229 1822 294 1884 570
317 1823 536 1895 διενεγκοῦσαι
559 1822 611 1884 διὰ
633 1822 814 1897 πρεσβειῶν
840 1819 878 1885 τὸ
902 1819 958 1895 μέν
985 1818 1112 1881 ἐνταυθὶ
1133 1815 1171 1878 τὸ
1189 1810 1215 1877 δ’
1241 1815 1357 1882 ἐκεῖσε.

171 1928 207 2006 2)
230 1925 270 1990 Ε.
297 1932 381 1991 1016
405 1927 592 2007 ἴαχεν-διά
615 1928 774 2004 τριπόδων
797 1927 950 2006 ἐριτίμων,
976 1923 1032 1988 ubi
1057 1943 1086 1988 ν.
1111 1921 1215 1990 Kock.

172 2035 230 2100 dv.
256 2035 320 2097 211
346 2037 406 2112 οῦς
428 2035 485 2117 (=
501 2037 623 2114 νόμους
645 2035 769 2116 ὕμνων)
792 2035 844 2098 διὰ
867 2034 954 2098 θείου
977 2033 1141 2110 στόματος
1163 2031 1301 2108 θρηνεῖς.
1338 2031 1403 2092 744

129 2139 168 2208 δι’
191 2143 273 2222 ἐμῆς
295 2144 411 2220 γένυος
433 2146 553 2219 ξουθῆς
576 2142 865 2218 μελέων-νόμους
887 2140 995 2218 ἱεροὺς
1019 2139 1199 2218 ἀναφαίνω.

170 2249 231 2316 Th.
260 2252 320 2312 127
345 2251 559 2330 κίθαριν-τᾷ
593 2249 681 2327 φάος
715 2247 837 2314 ἔσσυτο
870 2247 1044 2326 δαιμονίοις
1068 2247 1144 2309 θεοῦ
1169 2241 1307 2322 ὄμμασιν
1330 2243 1404 2320 άμε-

127 2362 221 2437 τέρας
246 2377 281 2422 τε
303 2357 342 2422 δι)
363 2356 523 2436 αἰφνιδίου
558 2355 640 2432 ὀπός
674 2374 757 2436 „per
780 2373 877 2436 quum
902 2358 935 2418 et
958 2371 1017 2435 per
1040 2357 1189 2436 nostram
1209 2368 1325 2414 vocem
1350 2368 1405 2416 su·

1 2431 2 2496 ἐ
127 2467 227 2534 bitem
253 2463 359 2545 fulgor
382 2462 503 2528 emicet
525 2461 645 2528 divinis
669 2479 709 2526 ex
733 2461 871 2528 oeulis“.
895 2461 1002 2526 Aliter
1027 2460 1161 2525 Bachm.
1187 2479 1218 2541 p.
1245 2461 1318 2527 120.
1343 2457 1405 2522 Τα-

128 2591 202 2639 ωεο
226 2571 321 2638 loeus
346 2569 506 2636 obscurus
530 2577 563 2634 et
586 2568 728 2635 fortusse
753 2576 931 2650 corruptus
954 2575 1014 2636 est.

169 2677 209 2742 R.
235 2680 275 2740 61
302 2672 342 2740 δι’
366 2676 517 2754 αἰνιγμῶν
540 2678 615 2756 ἐρῶ,
639 2675 694 2742 ubi
719 2696 746 2738 ν.
773 2674 877 2740 Κοσίτ.

170 2784 224 2850 IV.
253 2783 523 2876 Postremudoco
547 2801 666 2864 ponem
690 2783 868 2848 dictionem
894 2778 1112 2846 adverbialem

170 2891 212 2954 V.
238 2892 303 2956 929
327 2891 380 2954 ἵνα
403 2892 443 2968 μὴ
469 2892 631 2968 κεκλάγγω
655 2893 708 2956 διὰ
730 2894 824 2968 κενῆς
838 2889 945 2968 ἄλλως
961 2890 1025 2968 ἐγιίι
1038 2887 1094 2968 „in
1110 2902 1229 2951 vanum
1246 2883 1403 2950 frustrs“.

127 2999 175 3068 De
199 2998 391 3082 pleonasmo
415 3001 479 3079 (διὰ
503 2996 766 3080 serug-aditur)
795 2995 834 3060 ei.
858 2995 1060 3062 Buchruenn.
1083 3013 1114 3076 ρ.
1142 2994 1215 3060 153.

666 3298 868 3372 ΚΑΤΑ.

170 3538 224 3604 De
245 3537 362 3619 formu
388 3543 443 3606 Ar.
468 3538 967 3623 superimminentem,
992 3535 1057 3602 nisi
1081 3535 1169 3618 quud
1193 3534 1227 3600 in
1250 3534 1289 3600 R.
1315 3538 1401 3602 1212

128 3646 196 3730 (qui
221 3664 340 3712 versus
364 3644 536 3728 Euripidis
560 3647 625 3730 est)
650 3647 729 3712 κάτα
763 3663 823 3727 per
859 3643 1080 3726 anastrophen
1104 3643 1186 3708 dixit
1210 3629 1405 3725 (Παρνασδν

128 3755 221 3838 κάτα)
246 3760 280 3820 et
298 3753 331 3818 in
354 3753 391 3818 L.
418 3757 513 3830 1259,
538 3753 594 3819 ubi
620 3751 900 3820 Lacedaemonius
924 3753 1099 3833 loquentes
1134 3749 1223 3830 insit,
1247 3749 1403 3818 Doricum

127 3861 264 3934 formum
299 3863 357 3925 κάτ
392 3862 569 3942 scripsisse
603 3860 735 3926 videtur
757 3863 920 3944 (καττῶν).
946 3877 1030 3941 quae
1060 3863 1152 3924 reete
1175 3863 1210 3922 et
1233 3876 1254 3923 ιι
1275 3877 1325 3922 vv.
1350 3857 1404 3926 dd.

128 3988 187 4053 pro
212 3971 292 4036 κατὰ
313 3973 377 4032 τῶν
402 3975 437 4032 et
460 3973 564 4033 κατῶν
587 3967 745 4033 librorum
769 3967 924 4032 restitute
948 3971 1007 4049 est,
1033 3978 1066 4031 et
1088 3965 1121 4030 in
1147 3964 1260 4030 codice
1286 3965 1407 4049 δ’(κῦτ

129 4077 208 4159 τῶν)
232 4081 366 4140 exarata
388 4080 450 4156 est,
474 4079 512 4139 ut
534 4075 584 4140 nit
606 4074 810 4158 Bluydesius.

172 4180 226 4248 De
246 4201 321 4248 usu.
347 4178 382 4247 In
407 4182 503 4248 tmesi
525 4201 581 4248 sex
604 4183 688 4248 lucis
710 4182 1003 4263 1ορίίυι,ρυοτυω
1028 4187 1098 4246 tres
1119 4183 1172 4262 (A.
1189 4184 1267 4246 295.
1279 4178 1315 4245 L.
1331 4180 1406 4244 262.

131 4291 208 4372 263)
243 4290 277 4356 iu
312 4289 405 4356 chori
440 4288 642 4356 carminibus
678 4289 900 4364 inveniuntur,
925 4307 1010 4354 unus
1045 4287 1096 4370 (P.
1127 4287 1227 4370 1002)
1251 4288 1285 4354 in
1308 4286 1406 4352 here

130 4403 247 4475 metro,
268 4415 308 4462 ex
343 4387 489 4464 Homero
525 4396 700 4478 desumpto
735 4394 1130 4482 (οί.Ιί.1,464),υιιυο
1165 4393 1218 4478 (R.
1246 4396 1345 4474 1047)
1370 4393 1405 4460 in

131 4505 328 4586 anapaestis,
352 4523 434 4588 quus
472 4504 654 4588 Aeschylus
689 4504 804 4572 dicens
840 4503 1018 4582 inducitur,
1043 4521 1131 4570 unus
1163 4503 1304 4585 denique
1329 4501 1405 4584 (Av.

133 4611 232 4690 1456)
254 4612 289 4678 in
312 4613 454 4691 senario,
480 4613 535 4678 ubi
558 4613 629 4680 siue
654 4613 753 4678 dubio
777 4613 913 4698 lyricsrn
941 4612 1118 4682 dictionem
1144 4610 1304 4678 imitetur.
