<?xml version="1.0" encoding="UTF-8"?>
<!DOCTYPE html PUBLIC "-//W3C//DTD XHTML 1.0 Transitional//EN"
    "http://www.w3.org/TR/xhtml1/DTD/xhtml1-transitional.dtd">
<html xmlns="http://www.w3.org/1999/xhtml" xml:lang="en" lang="en">
 <head>
  <title>
</title>
<meta http-equiv="Content-Type" content="text/html;charset=utf-8" />
  <meta name='ocr-system' content='tesseract 3.04.00' />
  <meta name='ocr-capabilities' content='ocr_page ocr_carea ocr_par ocr_line ocrx_word'/>
</head>
<body>
  <div class='ocr_page' id='page_1' title='image "./depraepositionu00sobogoog_0046.png"; bbox 0 0 3328 5370; ppageno 0'>
   <div class='ocr_carea' id='block_1_1' title="bbox 692 469 871 531">
    <p class='ocr_par' dir='ltr' id='par_1_1' title="bbox 692 469 871 531">
     <span class='ocr_line' id='line_1_1' title="bbox 692 469 871 531; baseline -0.006 -14"><span class='ocrx_word' id='word_1_1' title='bbox 692 469 871 531; x_wconf 79' lang='lat'><strong>-35--</strong></span> 
     </span>
    </p>
   </div>
   <div class='ocr_carea' id='block_1_2' title="bbox 138 631 1430 2001">
    <p class='ocr_par' dir='ltr' id='par_1_2' title="bbox 139 631 1427 1040">
     <span class='ocr_line' id='line_1_2' title="bbox 139 631 1427 718; baseline -0.002 -12"><span class='ocrx_word' id='word_1_2' title='bbox 139 635 253 706; x_wconf 83' lang='lat' dir='ltr'><strong>moria</strong></span> <span class='ocrx_word' id='word_1_3' title='bbox 280 634 440 701; x_wconf 86' lang='lat' dir='ltr'><strong>Wredeus</strong></span> <span class='ocrx_word' id='word_1_4' title='bbox 463 636 509 718; x_wconf 87' lang='lat' dir='ltr'><strong>(p.</strong></span> <span class='ocrx_word' id='word_1_5' title='bbox 525 637 577 700; x_wconf 84' lang='grc'><strong>,63</strong></span> <span class='ocrx_word' id='word_1_6' title='bbox 601 635 667 718; x_wconf 81' lang='lat' dir='ltr'><strong>sq.)</strong></span> <span class='ocrx_word' id='word_1_7' title='bbox 690 631 825 703; x_wconf 81' lang='lat' dir='ltr'><strong>secutus</strong></span> <span class='ocrx_word' id='word_1_8' title='bbox 859 638 923 712; x_wconf 84' lang='lat' dir='ltr'><strong>est,</strong></span> <span class='ocrx_word' id='word_1_9' title='bbox 946 633 1089 700; x_wconf 84' lang='lat' dir='ltr'><strong>medium</strong></span> <span class='ocrx_word' id='word_1_10' title='bbox 1129 635 1292 716; x_wconf 85' lang='lat' dir='ltr'><strong>quendam</strong></span> <span class='ocrx_word' id='word_1_11' title='bbox 1306 636 1427 704; x_wconf 71' lang='lat' dir='ltr'><strong>usam</strong></span> 
     </span>
     <span class='ocr_line' id='line_1_3' title="bbox 139 738 1424 825; baseline 0.002 -15"><span class='ocrx_word' id='word_1_12' title='bbox 139 749 272 822; x_wconf 85' lang='lat' dir='ltr'><strong>tenent,</strong></span> <span class='ocrx_word' id='word_1_13' title='bbox 295 746 334 807; x_wconf 90' lang='lat' dir='ltr'><strong>ut</strong></span> <span class='ocrx_word' id='word_1_14' title='bbox 357 749 433 808; x_wconf 89' lang='lat' dir='ltr'><strong>ante</strong></span> <span class='ocrx_word' id='word_1_15' title='bbox 457 748 675 812; x_wconf 80' lang='lat' dir='ltr'><strong>consonantes</strong></span> <span class='ocrx_word' id='word_1_16' title='bbox 700 741 833 824; x_wconf 91' lang='lat' dir='ltr'><strong>quidem</strong></span> <span class='ocrx_word' id='word_1_17' title='bbox 869 748 1043 824; x_wconf 89' lang='lat' dir='ltr'><strong>utramque</strong></span> <span class='ocrx_word' id='word_1_18' title='bbox 1067 738 1202 808; x_wconf 86' lang='lat' dir='ltr'><strong>formam</strong></span> <span class='ocrx_word' id='word_1_19' title='bbox 1223 745 1424 825; x_wconf 83' lang='lat' dir='ltr'><strong>promiscua,</strong></span> 
     </span>
     <span class='ocr_line' id='line_1_4' title="bbox 139 846 1425 936; baseline -0.001 -18"><span class='ocrx_word' id='word_1_20' title='bbox 139 855 246 936; x_wconf 90' lang='lat' dir='ltr'><strong>prout</strong></span> <span class='ocrx_word' id='word_1_21' title='bbox 279 867 377 916; x_wconf 90' lang='lat' dir='ltr'><strong>aures</strong></span> <span class='ocrx_word' id='word_1_22' title='bbox 411 849 582 925; x_wconf 75' lang='lat' dir='ltr'><strong>suadeant,</strong></span> <span class='ocrx_word' id='word_1_23' title='bbox 607 853 734 932; x_wconf 88' lang='lat' dir='ltr'><strong>ponant</strong></span> <span class='ocrx_word' id='word_1_24' title='bbox 764 852 940 931; x_wconf 87' lang='lat' dir='ltr'><strong>certasque</strong></span> <span class='ocrx_word' id='word_1_25' title='bbox 979 846 1137 930; x_wconf 88' lang='lat' dir='ltr'><strong>quasdam</strong></span> <span class='ocrx_word' id='word_1_26' title='bbox 1175 848 1266 932; x_wconf 87' lang='lat' dir='ltr'><strong>leges</strong></span> <span class='ocrx_word' id='word_1_27' title='bbox 1303 852 1344 916; x_wconf 91' lang='lat' dir='ltr'><strong>de</strong></span> <span class='ocrx_word' id='word_1_28' title='bbox 1379 865 1425 918; x_wconf 87' lang='lat' dir='ltr'><strong>ea</strong></span> 
     </span>
     <span class='ocr_line' id='line_1_5' title="bbox 144 955 806 1040; baseline -0.014 -14"><span class='ocrx_word' id='word_1_29' title='bbox 144 980 182 1026; x_wconf 90' lang='lat' dir='ltr'><strong>re</strong></span> <span class='ocrx_word' id='word_1_30' title='bbox 200 958 272 1026; x_wconf 86' lang='lat' dir='ltr'><strong>sibi</strong></span> <span class='ocrx_word' id='word_1_31' title='bbox 295 955 570 1040; x_wconf 80' lang='lat' dir='ltr'><strong>Aristophanique</strong></span> <span class='ocrx_word' id='word_1_32' title='bbox 594 955 806 1024; x_wconf 80' lang='lat' dir='ltr'><strong>constituant.</strong></span> 
     </span>
    </p>

    <p class='ocr_par' dir='ltr' id='par_1_3' title="bbox 138 1061 1430 2001">
     <span class='ocr_line' id='line_1_6' title="bbox 192 1061 1422 1147; baseline 0.002 -19"><span class='ocrx_word' id='word_1_33' title='bbox 192 1064 235 1130; x_wconf 91' lang='lat' dir='ltr'><strong>ln</strong></span> <span class='ocrx_word' id='word_1_34' title='bbox 258 1069 346 1130; x_wconf 73' lang='lat' dir='ltr'><strong>anta</strong></span> <span class='ocrx_word' id='word_1_35' title='bbox 382 1063 483 1147; x_wconf 88' lang='lat' dir='ltr'><strong>igitur</strong></span> <span class='ocrx_word' id='word_1_36' title='bbox 519 1062 707 1144; x_wconf 87' lang='lat' dir='ltr'><strong>opinionum</strong></span> <span class='ocrx_word' id='word_1_37' title='bbox 741 1061 964 1143; x_wconf 81' lang='lat' dir='ltr'><strong>discrepantia</strong></span> <span class='ocrx_word' id='word_1_38' title='bbox 991 1061 1070 1144; x_wconf 91' lang='lat' dir='ltr'><strong>quid</strong></span> <span class='ocrx_word' id='word_1_39' title='bbox 1093 1062 1187 1130; x_wconf 90' lang='lat' dir='ltr'><strong>nobis</strong></span> <span class='ocrx_word' id='word_1_40' title='bbox 1210 1066 1422 1132; x_wconf 88' lang='lat' dir='ltr'><strong>statuendum</strong></span> 
     </span>
     <span class='ocr_line' id='line_1_7' title="bbox 143 1168 1427 1252; baseline 0.001 -13"><span class='ocrx_word' id='word_1_41' title='bbox 143 1173 205 1248; x_wconf 86' lang='lat' dir='ltr'><strong>sit,</strong></span> <span class='ocrx_word' id='word_1_42' title='bbox 230 1171 408 1238; x_wconf 85' lang='lat' dir='ltr'><strong>rideamus.</strong></span> <span class='ocrx_word' id='word_1_43' title='bbox 446 1171 495 1238; x_wconf 86' lang='lat' dir='ltr'><strong>Ac</strong></span> <span class='ocrx_word' id='word_1_44' title='bbox 529 1169 670 1252; x_wconf 89' lang='lat' dir='ltr'><strong>primum</strong></span> <span class='ocrx_word' id='word_1_45' title='bbox 708 1168 851 1251; x_wconf 90' lang='lat' dir='ltr'><strong>quidem,</strong></span> <span class='ocrx_word' id='word_1_46' title='bbox 876 1169 904 1234; x_wconf 93' lang='lat' dir='ltr'><strong>si</strong></span> <span class='ocrx_word' id='word_1_47' title='bbox 928 1169 1140 1250; x_wconf 86' lang='lat' dir='ltr'><strong>praepositio¹</strong></span> <span class='ocrx_word' id='word_1_48' title='bbox 1167 1176 1242 1238; x_wconf 88' lang='lat' dir='ltr'><strong>ante</strong></span> <span class='ocrx_word' id='word_1_49' title='bbox 1278 1171 1427 1240; x_wconf 81' lang='lat' dir='ltr'><strong>vocalem</strong></span> 
     </span>
     <span class='ocr_line' id='line_1_8' title="bbox 149 1274 1427 1364; baseline 0.001 -18"><span class='ocrx_word' id='word_1_50' title='bbox 149 1279 323 1356; x_wconf 86' lang='lat' dir='ltr'><strong>invenitur,</strong></span> <span class='ocrx_word' id='word_1_51' title='bbox 348 1277 533 1359; x_wconf 89' lang='lat' dir='ltr'><strong>ubicunque</strong></span> <span class='ocrx_word' id='word_1_52' title='bbox 568 1296 608 1342; x_wconf 85' lang='lat' dir='ltr'><strong>ex</strong></span> <span class='ocrx_word' id='word_1_53' title='bbox 630 1276 779 1344; x_wconf 90' lang='lat' dir='ltr'><strong>numeris</strong></span> <span class='ocrx_word' id='word_1_54' title='bbox 810 1275 987 1360; x_wconf 86' lang='lat' dir='ltr'><strong>quidquam</strong></span> <span class='ocrx_word' id='word_1_55' title='bbox 1012 1274 1124 1359; x_wconf 83' lang='lat' dir='ltr'><strong>colligi</strong></span> <span class='ocrx_word' id='word_1_56' title='bbox 1148 1282 1270 1361; x_wconf 86' lang='lat' dir='ltr'><strong>potest,</strong></span> <span class='ocrx_word' id='word_1_57' title='bbox 1294 1297 1427 1364; x_wconf 78' lang='lat' dir='ltr'><strong>semper</strong></span> 
     </span>
     <span class='ocr_line' id='line_1_9' title="bbox 148 1382 1425 1470; baseline 0.003 -18"><span class='ocrx_word' id='word_1_58' title='bbox 148 1387 215 1460; x_wconf 80' lang='lat' dir='ltr'><strong>tere</strong></span> <span class='ocrx_word' id='word_1_59' title='bbox 228 1386 273 1466; x_wconf 80' lang='grc' dir='ltr'><strong>εἰς</strong></span> <span class='ocrx_word' id='word_1_60' title='bbox 285 1391 392 1452; x_wconf 91' lang='lat' dir='ltr'><strong>metro</strong></span> <span class='ocrx_word' id='word_1_61' title='bbox 415 1382 616 1467; x_wconf 66' lang='lat' dir='ltr'><strong>postulatum</strong></span> <span class='ocrx_word' id='word_1_62' title='bbox 633 1384 688 1465; x_wconf 91' lang='lat' dir='ltr'><strong>qui</strong></span> <span class='ocrx_word' id='word_1_63' title='bbox 712 1383 777 1450; x_wconf 90' lang='lat' dir='ltr'><strong>loci</strong></span> <span class='ocrx_word' id='word_1_64' title='bbox 800 1383 933 1450; x_wconf 89' lang='lat' dir='ltr'><strong>omnino</strong></span> <span class='ocrx_word' id='word_1_65' title='bbox 956 1386 999 1448; x_wconf 80' lang='lat'><strong>80</strong></span> <span class='ocrx_word' id='word_1_66' title='bbox 1023 1395 1100 1452; x_wconf 92' lang='lat' dir='ltr'><strong>sunt</strong></span> <span class='ocrx_word' id='word_1_67' title='bbox 1122 1403 1258 1453; x_wconf 88' lang='lat' dir='ltr'><strong>numero</strong></span> <span class='ocrx_word' id='word_1_68' title='bbox 1277 1385 1425 1470; x_wconf 88' lang='lat' dir='ltr'><strong>(Bachm.</strong></span> 
     </span>
     <span class='ocr_line' id='line_1_10' title="bbox 146 1487 1426 1578; baseline 0 -20"><span class='ocrx_word' id='word_1_69' title='bbox 146 1513 179 1576; x_wconf 92' lang='lat' dir='ltr'><strong>p.</strong></span> <span class='ocrx_word' id='word_1_70' title='bbox 202 1491 273 1578; x_wconf 81' lang='lat'><strong>83),</strong></span> <span class='ocrx_word' id='word_1_71' title='bbox 297 1492 372 1558; x_wconf 91' lang='lat' dir='ltr'><strong>aliis</strong></span> <span class='ocrx_word' id='word_1_72' title='bbox 408 1494 450 1555; x_wconf 87' lang='grc'><strong>49</strong></span> <span class='ocrx_word' id='word_1_73' title='bbox 488 1487 569 1556; x_wconf 88' lang='lat' dir='ltr'><strong>locis</strong></span> <span class='ocrx_word' id='word_1_74' title='bbox 605 1496 746 1557; x_wconf 89' lang='lat' dir='ltr'><strong>metrum</strong></span> <span class='ocrx_word' id='word_1_75' title='bbox 782 1490 864 1555; x_wconf 88' lang='lat' dir='ltr'><strong>nihil</strong></span> <span class='ocrx_word' id='word_1_76' title='bbox 892 1487 986 1562; x_wconf 86' lang='lat' dir='ltr'><strong>affert</strong></span> <span class='ocrx_word' id='word_1_77' title='bbox 1008 1491 1049 1556; x_wconf 94' lang='lat' dir='ltr'><strong>ad</strong></span> <span class='ocrx_word' id='word_1_78' title='bbox 1071 1492 1326 1570; x_wconf 87' lang='lat' dir='ltr'><strong>decernendum,</strong></span> <span class='ocrx_word' id='word_1_79' title='bbox 1350 1499 1426 1564; x_wconf 87' lang='lat' dir='ltr'><strong>utra</strong></span> 
     </span>
     <span class='ocr_line' id='line_1_11' title="bbox 140 1597 1428 1679; baseline -0.001 -13"><span class='ocrx_word' id='word_1_80' title='bbox 140 1603 253 1666; x_wconf 77' lang='lat' dir='ltr'><strong>torma</strong></span> <span class='ocrx_word' id='word_1_81' title='bbox 282 1617 365 1664; x_wconf 89' lang='lat' dir='ltr'><strong>usus</strong></span> <span class='ocrx_word' id='word_1_82' title='bbox 401 1597 446 1666; x_wconf 89' lang='lat' dir='ltr'><strong>sit</strong></span> <span class='ocrx_word' id='word_1_83' title='bbox 478 1597 547 1676; x_wconf 64' lang='lat' dir='ltr'><strong>dra</strong></span> <span class='ocrx_word' id='word_1_84' title='bbox 572 1597 692 1679; x_wconf 88' lang='lat' dir='ltr'><strong>quibus</strong></span> <span class='ocrx_word' id='word_1_85' title='bbox 716 1597 798 1667; x_wconf 86' lang='lat' dir='ltr'><strong>locis</strong></span> <span class='ocrx_word' id='word_1_86' title='bbox 831 1597 985 1666; x_wconf 90' lang='lat' dir='ltr'><strong>deductis</strong></span> <span class='ocrx_word' id='word_1_87' title='bbox 1010 1603 1029 1664; x_wconf 88' lang='grc'>9</span> <span class='ocrx_word' id='word_1_88' title='bbox 1056 1602 1183 1668; x_wconf 88' lang='lat' dir='ltr'><strong>tautum</strong></span> <span class='ocrx_word' id='word_1_89' title='bbox 1206 1604 1342 1676; x_wconf 87' lang='lat' dir='ltr'><strong>restant,</strong></span> <span class='ocrx_word' id='word_1_90' title='bbox 1370 1600 1428 1666; x_wconf 91' lang='lat' dir='ltr'><strong>ubi</strong></span> 
     </span>
     <span class='ocr_line' id='line_1_12' title="bbox 148 1703 1429 1786; baseline 0 -12"><span class='ocrx_word' id='word_1_91' title='bbox 148 1709 183 1786; x_wconf 80' lang='grc' dir='ltr'><strong>ἐς</strong></span> <span class='ocrx_word' id='word_1_92' title='bbox 221 1706 371 1772; x_wconf 89' lang='lat' dir='ltr'><strong>numeris</strong></span> <span class='ocrx_word' id='word_1_93' title='bbox 402 1704 602 1786; x_wconf 86' lang='lat' dir='ltr'><strong>postuletur:</strong></span> <span class='ocrx_word' id='word_1_94' title='bbox 639 1707 694 1786; x_wconf 85' lang='lat' dir='ltr'><strong>„et</strong></span> <span class='ocrx_word' id='word_1_95' title='bbox 715 1703 749 1768; x_wconf 91' lang='lat' dir='ltr'><strong>hi</strong></span> <span class='ocrx_word' id='word_1_96' title='bbox 769 1703 835 1768; x_wconf 90' lang='lat' dir='ltr'><strong>loci</strong></span> <span class='ocrx_word' id='word_1_97' title='bbox 859 1722 973 1772; x_wconf 90' lang='lat' dir='ltr'><strong>omnes</strong></span> <span class='ocrx_word' id='word_1_98' title='bbox 1004 1705 1250 1772; x_wconf 84' lang='lat' dir='ltr'><strong>excusationem</strong></span> <span class='ocrx_word' id='word_1_99' title='bbox 1273 1706 1429 1777; x_wconf 85' lang='lat' dir='ltr'><strong>habent..</strong></span> 
     </span>
     <span class='ocr_line' id='line_1_13' title="bbox 138 1809 1427 1896; baseline 0.002 -16"><span class='ocrx_word' id='word_1_100' title='bbox 138 1815 188 1880; x_wconf 78' lang='lat' dir='ltr'><strong>ab</strong></span> <span class='ocrx_word' id='word_1_101' title='bbox 210 1812 350 1878; x_wconf 83' lang='lat' dir='ltr'><strong>elatiore</strong></span> <span class='ocrx_word' id='word_1_102' title='bbox 385 1811 520 1892; x_wconf 85' lang='lat' dir='ltr'><strong>fersque</strong></span> <span class='ocrx_word' id='word_1_103' title='bbox 554 1811 679 1893; x_wconf 86' lang='lat' dir='ltr'><strong>tragico</strong></span> <span class='ocrx_word' id='word_1_104' title='bbox 714 1828 836 1893; x_wconf 84' lang='lat' dir='ltr'><strong>genere</strong></span> <span class='ocrx_word' id='word_1_105' title='bbox 870 1811 1022 1878; x_wconf 86' lang='lat' dir='ltr'><strong>dicandi“</strong></span> <span class='ocrx_word' id='word_1_106' title='bbox 1052 1809 1199 1894; x_wconf 84' lang='lat' dir='ltr'><strong>(Bachm.</strong></span> <span class='ocrx_word' id='word_1_107' title='bbox 1224 1831 1255 1894; x_wconf 96' lang='lat' dir='ltr'><strong>p.</strong></span> <span class='ocrx_word' id='word_1_108' title='bbox 1280 1816 1427 1896; x_wconf 82' lang='lat'><strong>83-84,</strong></span> 
     </span>
     <span class='ocr_line' id='line_1_14' title="bbox 146 1916 1430 2001; baseline 0 -15"><span class='ocrx_word' id='word_1_109' title='bbox 146 1921 203 1986; x_wconf 87' lang='lat' dir='ltr'><strong>ubi</strong></span> <span class='ocrx_word' id='word_1_110' title='bbox 236 1938 351 1986; x_wconf 88' lang='lat' dir='ltr'><strong>omnes</strong></span> <span class='ocrx_word' id='word_1_111' title='bbox 385 1918 450 1984; x_wconf 89' lang='lat' dir='ltr'><strong>looi</strong></span> <span class='ocrx_word' id='word_1_112' title='bbox 484 1917 744 2001; x_wconf 87' lang='lat' dir='ltr'><strong>enumerantur).</strong></span> <span class='ocrx_word' id='word_1_113' title='bbox 768 1917 887 1985; x_wconf 81' lang='lat' dir='ltr'><strong>Restat</strong></span> <span class='ocrx_word' id='word_1_114' title='bbox 920 1916 1273 1995; x_wconf 68' lang='lat' dir='ltr'><strong>instantiamea</strong></span> <span class='ocrx_word' id='word_1_115' title='bbox 1312 1926 1430 2000; x_wconf 89' lang='lat' dir='ltr'><strong>postu-</strong></span> 
     </span>
    </p>
   </div>
   <div class='ocr_carea' id='block_1_3' title="bbox 138 2023 1430 2646">
    <p class='ocr_par' dir='ltr' id='par_1_4' title="bbox 142 2023 1430 2646">
     <span class='ocr_line' id='line_1_15' title="bbox 149 2023 1428 2107; baseline 0.001 -14"><span class='ocrx_word' id='word_1_116' title='bbox 149 2025 234 2093; x_wconf 85' lang='lat' dir='ltr'><strong>lante</strong></span> <span class='ocrx_word' id='word_1_117' title='bbox 259 2024 468 2091; x_wconf 88' lang='lat' dir='ltr'><strong>scribendum</strong></span> <span class='ocrx_word' id='word_1_118' title='bbox 495 2030 567 2090; x_wconf 86' lang='lat' dir='ltr'><strong>erat</strong></span> <span class='ocrx_word' id='word_1_119' title='bbox 583 2025 617 2102; x_wconf 84' lang='grc' dir='ltr'><strong>ἐς</strong></span> <span class='ocrx_word' id='word_1_120' title='bbox 640 2024 798 2104; x_wconf 85' lang='grc' dir='ltr'>Ἔφεσον,</span> <span class='ocrx_word' id='word_1_121' title='bbox 815 2025 846 2088; x_wconf 88' lang='grc' dir='ltr'><strong>οἱ</strong></span> <span class='ocrx_word' id='word_1_122' title='bbox 869 2023 896 2088; x_wconf 78' lang='grc' dir='ltr'><strong>δ’</strong></span> <span class='ocrx_word' id='word_1_123' title='bbox 911 2025 945 2103; x_wconf 88' lang='grc' dir='ltr'><strong>ἐς</strong></span> <span class='ocrx_word' id='word_1_124' title='bbox 959 2024 1110 2104; x_wconf 77' lang='grc' dir='ltr'>Ἄβυδον,</span> <span class='ocrx_word' id='word_1_125' title='bbox 1123 2025 1223 2107; x_wconf 92' lang='lat' dir='ltr'><strong>idque</strong></span> <span class='ocrx_word' id='word_1_126' title='bbox 1239 2025 1428 2096; x_wconf 85' lang='lat' dir='ltr'><strong>Bachman·</strong></span> 
     </span>
     <span class='ocr_line' id='line_1_16' title="bbox 142 2130 1423 2220; baseline -0.002 -17"><span class='ocrx_word' id='word_1_127' title='bbox 142 2153 210 2203; x_wconf 86' lang='lat' dir='ltr'><strong>nus</strong></span> <span class='ocrx_word' id='word_1_128' title='bbox 243 2133 383 2214; x_wconf 85' lang='lat' dir='ltr'><strong>recapit,</strong></span> <span class='ocrx_word' id='word_1_129' title='bbox 408 2149 482 2220; x_wconf 79' lang='lat' dir='ltr'><strong>cum</strong></span> <span class='ocrx_word' id='word_1_130' title='bbox 516 2131 654 2211; x_wconf 89' lang='lat' dir='ltr'><strong>diceret,</strong></span> <span class='ocrx_word' id='word_1_131' title='bbox 677 2132 711 2210; x_wconf 80' lang='grc' dir='ltr'><strong>ἐς</strong></span> <span class='ocrx_word' id='word_1_132' title='bbox 734 2130 788 2196; x_wconf 85' lang='lat' dir='ltr'><strong>hic</strong></span> <span class='ocrx_word' id='word_1_133' title='bbox 812 2149 831 2196; x_wconf 94' lang='lat' dir='ltr'><strong>a</strong></span> <span class='ocrx_word' id='word_1_134' title='bbox 854 2130 994 2198; x_wconf 88' lang='lat' dir='ltr'><strong>dialecto</strong></span> <span class='ocrx_word' id='word_1_135' title='bbox 1027 2130 1142 2200; x_wconf 91' lang='lat' dir='ltr'><strong>Ionica</strong></span> <span class='ocrx_word' id='word_1_136' title='bbox 1176 2135 1423 2203; x_wconf 84' lang='lat' dir='ltr'><strong>excusationem</strong></span> 
     </span>
     <span class='ocr_line' id='line_1_17' title="bbox 142 2237 1424 2324; baseline 0.002 -17"><span class='ocrx_word' id='word_1_137' title='bbox 142 2241 267 2314; x_wconf 80' lang='lat' dir='ltr'><strong>habere</strong></span> <span class='ocrx_word' id='word_1_138' title='bbox 293 2241 383 2323; x_wconf 88' lang='lat' dir='ltr'><strong>(nam</strong></span> <span class='ocrx_word' id='word_1_139' title='bbox 407 2237 508 2304; x_wconf 89' lang='lat' dir='ltr'><strong>Iones</strong></span> <span class='ocrx_word' id='word_1_140' title='bbox 531 2238 731 2304; x_wconf 88' lang='lat' dir='ltr'><strong>inducuntur</strong></span> <span class='ocrx_word' id='word_1_141' title='bbox 756 2238 953 2324; x_wconf 89' lang='lat' dir='ltr'><strong>loquentes).</strong></span> <span class='ocrx_word' id='word_1_142' title='bbox 969 2237 1034 2304; x_wconf 84' lang='lat' dir='ltr'><strong>Sed</strong></span> <span class='ocrx_word' id='word_1_143' title='bbox 1057 2239 1211 2320; x_wconf 85' lang='lat' dir='ltr'><strong>quoniam</strong></span> <span class='ocrx_word' id='word_1_144' title='bbox 1236 2239 1336 2308; x_wconf 82' lang='lat' dir='ltr'><strong>Iones</strong></span> <span class='ocrx_word' id='word_1_145' title='bbox 1357 2262 1424 2309; x_wconf 91' lang='lat' dir='ltr'><strong>non</strong></span> 
     </span>
     <span class='ocr_line' id='line_1_18' title="bbox 146 2343 1425 2434; baseline 0.002 -20"><span class='ocrx_word' id='word_1_146' title='bbox 146 2349 249 2430; x_wconf 82' lang='lat' dir='ltr'><strong>magis</strong></span> <span class='ocrx_word' id='word_1_147' title='bbox 274 2365 374 2430; x_wconf 91' lang='lat' dir='ltr'><strong>quam</strong></span> <span class='ocrx_word' id='word_1_148' title='bbox 397 2345 501 2411; x_wconf 89' lang='lat' dir='ltr'><strong>Attici</strong></span> <span class='ocrx_word' id='word_1_149' title='bbox 524 2346 558 2424; x_wconf 83' lang='grc' dir='ltr'><strong>ἐς</strong></span> <span class='ocrx_word' id='word_1_150' title='bbox 582 2345 692 2413; x_wconf 89' lang='lat' dir='ltr'><strong>dicere</strong></span> <span class='ocrx_word' id='word_1_151' title='bbox 718 2343 870 2411; x_wconf 88' lang='lat' dir='ltr'><strong>solebant</strong></span> <span class='ocrx_word' id='word_1_152' title='bbox 894 2347 949 2429; x_wconf 87' lang='lat' dir='ltr'><strong>(de</strong></span> <span class='ocrx_word' id='word_1_153' title='bbox 974 2364 1038 2429; x_wconf 92' lang='lat' dir='ltr'><strong>quo</strong></span> <span class='ocrx_word' id='word_1_154' title='bbox 1061 2347 1135 2413; x_wconf 85' lang='lat' dir='ltr'><strong>ride</strong></span> <span class='ocrx_word' id='word_1_155' title='bbox 1159 2346 1270 2434; x_wconf 80' lang='lat' dir='ltr'><strong>inira),</strong></span> <span class='ocrx_word' id='word_1_156' title='bbox 1283 2349 1425 2433; x_wconf 87' lang='lat' dir='ltr'><strong>Bergkio</strong></span> 
     </span>
     <span class='ocr_line' id='line_1_19' title="bbox 138 2450 1430 2536; baseline 0.002 -16.009"><span class='ocrx_word' id='word_1_157' title='bbox 138 2461 181 2522; x_wconf 90' lang='lat' dir='ltr'><strong>-et</strong></span> <span class='ocrx_word' id='word_1_158' title='bbox 202 2453 330 2521; x_wconf 87' lang='lat' dir='ltr'><strong>Koekio</strong></span> <span class='ocrx_word' id='word_1_159' title='bbox 366 2452 542 2532; x_wconf 86' lang='lat' dir='ltr'><strong>assentior,</strong></span> <span class='ocrx_word' id='word_1_160' title='bbox 567 2451 601 2518; x_wconf 94' lang='lat' dir='ltr'><strong>in</strong></span> <span class='ocrx_word' id='word_1_161' title='bbox 635 2450 699 2517; x_wconf 93' lang='lat' dir='ltr'><strong>hoc</strong></span> <span class='ocrx_word' id='word_1_162' title='bbox 733 2451 918 2535; x_wconf 85' lang='lat' dir='ltr'><strong>fragmento</strong></span> <span class='ocrx_word' id='word_1_163' title='bbox 949 2453 1102 2522; x_wconf 83' lang='lat' dir='ltr'><strong>lacunam</strong></span> <span class='ocrx_word' id='word_1_164' title='bbox 1125 2459 1258 2522; x_wconf 87' lang='lat' dir='ltr'><strong>statuen</strong></span> <span class='ocrx_word' id='word_1_165' title='bbox 1260 2455 1358 2536; x_wconf 90' lang='lat' dir='ltr'><strong>t,ibus</strong></span> <span class='ocrx_word' id='word_1_166' title='bbox 1383 2457 1430 2524; x_wconf 89' lang='lat' dir='ltr'><strong>ito</strong></span> 
     </span>
     <span class='ocr_line' id='line_1_20' title="bbox 145 2557 1022 2646; baseline -0.001 -18"><span class='ocrx_word' id='word_1_167' title='bbox 145 2567 182 2636; x_wconf 87' lang='lat' dir='ltr'><strong>ut</strong></span> <span class='ocrx_word' id='word_1_168' title='bbox 205 2562 249 2640; x_wconf 88' lang='grc' dir='ltr'><strong>εἰς</strong></span> <span class='ocrx_word' id='word_1_169' title='bbox 272 2561 458 2640; x_wconf 90' lang='grc' dir='ltr'><strong><em>Ε.φεσον..</em></strong></span> <span class='ocrx_word' id='word_1_170' title='bbox 479 2557 587 2646; x_wconf 81' lang='grc' dir='ltr'><strong>Ιοὶδ’</strong></span> <span class='ocrx_word' id='word_1_171' title='bbox 613 2560 657 2638; x_wconf 74' lang='grc' dir='ltr'><strong>εἰς</strong></span> <span class='ocrx_word' id='word_1_172' title='bbox 679 2560 823 2640; x_wconf 83' lang='grc' dir='ltr'>Αβυδον</span> <span class='ocrx_word' id='word_1_173' title='bbox 846 2561 1022 2629; x_wconf 86' lang='lat' dir='ltr'><strong>scribatur.</strong></span> 
     </span>
    </p>
   </div>
   <div class='ocr_carea' id='block_1_4' title="bbox 139 2623 1487 3933">
    <p class='ocr_par' dir='ltr' id='par_1_5' title="bbox 139 2623 1433 3610">
     <span class='ocr_line' id='line_1_21' title="bbox 189 2623 1428 2750; baseline 0.002 -14"><span class='ocrx_word' id='word_1_174' title='bbox 189 2669 352 2739; x_wconf 89' lang='lat' dir='ltr'><strong>Similiter</strong></span> <span class='ocrx_word' id='word_1_175' title='bbox 388 2669 421 2734; x_wconf 85' lang='lat' dir='ltr'><strong>in</strong></span> <span class='ocrx_word' id='word_1_176' title='bbox 457 2667 650 2750; x_wconf 87' lang='lat' dir='ltr'><strong>compositis</strong></span> <span class='ocrx_word' id='word_1_177' title='bbox 686 2667 730 2746; x_wconf 88' lang='grc' dir='ltr'><strong>εἰς</strong></span> <span class='ocrx_word' id='word_1_178' title='bbox 767 2671 809 2732; x_wconf 87' lang='lat'><strong>94</strong></span> <span class='ocrx_word' id='word_1_179' title='bbox 832 2668 915 2737; x_wconf 89' lang='lat' dir='ltr'><strong>locis</strong></span> <span class='ocrx_word' id='word_1_180' title='bbox 938 2674 1043 2734; x_wconf 89' lang='lat' dir='ltr'><strong>metro</strong></span> <span class='ocrx_word' id='word_1_181' title='bbox 1067 2673 1142 2750; x_wconf 90' lang='lat' dir='ltr'><strong>post</strong></span> <span class='ocrx_word' id='word_1_182' title='bbox 1128 2667 1259 2746; x_wconf 90' lang='lat' dir='ltr'><strong>tu,latur</strong></span> <span class='ocrx_word' id='word_1_183' title='bbox 1284 2671 1359 2739; x_wconf 87' lang='lat' dir='ltr'><strong>aliis</strong></span> <span class='ocrx_word' id='word_1_184' title='bbox 1380 2623 1428 2738; x_wconf 68' lang='lat' dir='ltr'><strong>dd</strong></span> 
     </span>
     <span class='ocr_line' id='line_1_22' title="bbox 148 2775 1428 2862; baseline 0.003 -20"><span class='ocrx_word' id='word_1_185' title='bbox 148 2795 210 2842; x_wconf 90' lang='lat' dir='ltr'><strong>non</strong></span> <span class='ocrx_word' id='word_1_186' title='bbox 233 2776 383 2862; x_wconf 87' lang='lat' dir='ltr'><strong>postulat</strong></span> <span class='ocrx_word' id='word_1_187' title='bbox 383 2793 435 2854; x_wconf 91' lang='lat' dir='ltr'><strong>ur;</strong></span> <span class='ocrx_word' id='word_1_188' title='bbox 459 2775 545 2857; x_wconf 92' lang='lat' dir='ltr'><strong>quod</strong></span> <span class='ocrx_word' id='word_1_189' title='bbox 579 2780 687 2840; x_wconf 88' lang='lat' dir='ltr'><strong>autem</strong></span> <span class='ocrx_word' id='word_1_190' title='bbox 723 2775 757 2841; x_wconf 91' lang='lat' dir='ltr'><strong>iu</strong></span> <span class='ocrx_word' id='word_1_191' title='bbox 780 2776 820 2846; x_wconf 83' lang='lat' dir='ltr'><strong>fr.</strong></span> <span class='ocrx_word' id='word_1_192' title='bbox 841 2779 903 2840; x_wconf 88' lang='grc'><strong>461</strong></span> <span class='ocrx_word' id='word_1_193' title='bbox 935 2777 1033 2841; x_wconf 75' lang='grc' dir='ltr'>ἐσίδω</span> <span class='ocrx_word' id='word_1_194' title='bbox 1056 2776 1226 2859; x_wconf 66' lang='lat' dir='ltr'><strong>legitera,</strong></span> <span class='ocrx_word' id='word_1_195' title='bbox 1231 2777 1317 2844; x_wconf 88' lang='lat' dir='ltr'><strong>ridet</strong></span> <span class='ocrx_word' id='word_1_196' title='bbox 1340 2780 1428 2846; x_wconf 87' lang='lat' dir='ltr'><strong>haud</strong></span> 
     </span>
     <span class='ocr_line' id='line_1_23' title="bbox 140 2880 1431 2967; baseline 0.004 -19"><span class='ocrx_word' id='word_1_197' title='bbox 140 2883 245 2950; x_wconf 88' lang='lat' dir='ltr'><strong>dubie</strong></span> <span class='ocrx_word' id='word_1_198' title='bbox 269 2889 369 2964; x_wconf 86' lang='lat' dir='ltr'><strong>poeta</strong></span> <span class='ocrx_word' id='word_1_199' title='bbox 391 2880 562 2964; x_wconf 86' lang='lat' dir='ltr'><strong>Euripidis</strong></span> <span class='ocrx_word' id='word_1_200' title='bbox 596 2881 778 2965; x_wconf 66' lang='lat' dir='ltr'><strong>Thyestem</strong></span> <span class='ocrx_word' id='word_1_201' title='bbox 805 2881 949 2967; x_wconf 85' lang='lat' dir='ltr'><strong>(Kock.);</strong></span> <span class='ocrx_word' id='word_1_202' title='bbox 974 2882 1135 2965; x_wconf 89' lang='lat' dir='ltr'><strong>sequitur,</strong></span> <span class='ocrx_word' id='word_1_203' title='bbox 1159 2888 1196 2949; x_wconf 92' lang='lat' dir='ltr'><strong>ut</strong></span> <span class='ocrx_word' id='word_1_204' title='bbox 1219 2884 1276 2966; x_wconf 93' lang='lat' dir='ltr'><strong>qui</strong></span> <span class='ocrx_word' id='word_1_205' title='bbox 1299 2889 1431 2953; x_wconf 85' lang='lat' dir='ltr'><strong>restant</strong></span> 
     </span>
     <span class='ocr_line' id='line_1_24' title="bbox 147 2987 1432 3074; baseline 0.002 -18"><span class='ocrx_word' id='word_1_206' title='bbox 147 2996 165 3056; x_wconf 85' lang='lat'><strong>2</strong></span> <span class='ocrx_word' id='word_1_207' title='bbox 200 2991 267 3058; x_wconf 89' lang='lat' dir='ltr'><strong>loci</strong></span> <span class='ocrx_word' id='word_1_208' title='bbox 305 2989 358 3071; x_wconf 92' lang='lat' dir='ltr'><strong>(V.</strong></span> <span class='ocrx_word' id='word_1_209' title='bbox 399 2993 459 3052; x_wconf 79' lang='lat'><strong>147</strong></span> <span class='ocrx_word' id='word_1_210' title='bbox 497 2994 530 3053; x_wconf 92' lang='lat' dir='ltr'><strong>et</strong></span> <span class='ocrx_word' id='word_1_211' title='bbox 564 2987 622 3052; x_wconf 89' lang='lat' dir='ltr'><strong>Th.</strong></span> <span class='ocrx_word' id='word_1_212' title='bbox 659 2988 749 3072; x_wconf 78' lang='lat'><strong>657),</strong></span> <span class='ocrx_word' id='word_1_213' title='bbox 775 2990 893 3070; x_wconf 87' lang='lat' dir='ltr'><strong>quibus</strong></span> <span class='ocrx_word' id='word_1_214' title='bbox 928 2992 962 3070; x_wconf 90' lang='grc' dir='ltr'><strong>ἐς</strong></span> <span class='ocrx_word' id='word_1_215' title='bbox 996 2996 1102 3057; x_wconf 89' lang='lat' dir='ltr'><strong>metro</strong></span> <span class='ocrx_word' id='word_1_216' title='bbox 1134 2993 1335 3074; x_wconf 85' lang='lat' dir='ltr'><strong>exposcitur,</strong></span> <span class='ocrx_word' id='word_1_217' title='bbox 1360 3013 1432 3062; x_wconf 90' lang='lat' dir='ltr'><strong>cor·</strong></span> 
     </span>
     <span class='ocr_line' id='line_1_25' title="bbox 143 3098 1429 3182; baseline 0.002 -16"><span class='ocrx_word' id='word_1_218' title='bbox 143 3101 234 3182; x_wconf 85' lang='lat' dir='ltr'><strong>rupti</strong></span> <span class='ocrx_word' id='word_1_219' title='bbox 259 3099 328 3166; x_wconf 90' lang='lat' dir='ltr'><strong>sint</strong></span> <span class='ocrx_word' id='word_1_220' title='bbox 348 3098 525 3165; x_wconf 90' lang='lat' dir='ltr'><strong>iudicandi:</strong></span> <span class='ocrx_word' id='word_1_221' title='bbox 562 3102 596 3164; x_wconf 88' lang='lat' dir='ltr'><strong>et</strong></span> <span class='ocrx_word' id='word_1_222' title='bbox 628 3098 712 3182; x_wconf 63' lang='lat' dir='ltr'><strong>iam¹</strong></span> <span class='ocrx_word' id='word_1_223' title='bbox 731 3099 898 3166; x_wconf 88' lang='lat' dir='ltr'><strong>emendati</strong></span> <span class='ocrx_word' id='word_1_224' title='bbox 922 3105 1000 3167; x_wconf 90' lang='lat' dir='ltr'><strong>sunt</strong></span> <span class='ocrx_word' id='word_1_225' title='bbox 1024 3120 1043 3164; x_wconf 92' lang='lat' dir='ltr'><strong>a</strong></span> <span class='ocrx_word' id='word_1_226' title='bbox 1066 3121 1117 3166; x_wconf 82' lang='lat' dir='ltr'><strong>vv.</strong></span> <span class='ocrx_word' id='word_1_227' title='bbox 1144 3102 1198 3167; x_wconf 91' lang='lat' dir='ltr'><strong>dd.</strong></span> <span class='ocrx_word' id='word_1_228' title='bbox 1221 3101 1429 3169; x_wconf 81' lang='lat' dir='ltr'><strong>Manifestum</strong></span> 
     </span>
     <span class='ocr_line' id='line_1_26' title="bbox 145 3204 1432 3291; baseline 0.001 -17"><span class='ocrx_word' id='word_1_229' title='bbox 145 3213 196 3276; x_wconf 87' lang='lat' dir='ltr'><strong>est</strong></span> <span class='ocrx_word' id='word_1_230' title='bbox 219 3207 334 3291; x_wconf 82' lang='lat' dir='ltr'><strong>igitur,</strong></span> <span class='ocrx_word' id='word_1_231' title='bbox 359 3206 392 3273; x_wconf 95' lang='lat' dir='ltr'><strong>id</strong></span> <span class='ocrx_word' id='word_1_232' title='bbox 416 3205 504 3290; x_wconf 92' lang='lat' dir='ltr'><strong>quod</strong></span> <span class='ocrx_word' id='word_1_233' title='bbox 528 3224 641 3274; x_wconf 89' lang='lat' dir='ltr'><strong>omnes</strong></span> <span class='ocrx_word' id='word_1_234' title='bbox 665 3204 734 3271; x_wconf 83' lang='lat' dir='ltr'><strong>fere</strong></span> <span class='ocrx_word' id='word_1_235' title='bbox 758 3206 976 3280; x_wconf 88' lang='lat' dir='ltr'><strong>consentiunt,</strong></span> <span class='ocrx_word' id='word_1_236' title='bbox 991 3206 1085 3274; x_wconf 87' lang='lat' dir='ltr'><strong>libris</strong></span> <span class='ocrx_word' id='word_1_237' title='bbox 1109 3223 1175 3274; x_wconf 89' lang='lat' dir='ltr'><strong>non</strong></span> <span class='ocrx_word' id='word_1_238' title='bbox 1198 3209 1278 3274; x_wconf 89' lang='lat' dir='ltr'><strong>item</strong></span> <span class='ocrx_word' id='word_1_239' title='bbox 1304 3209 1432 3276; x_wconf 77' lang='lat' dir='ltr'><strong>dissen-</strong></span> 
     </span>
     <span class='ocr_line' id='line_1_27' title="bbox 139 3311 1433 3394; baseline -0.001 -12"><span class='ocrx_word' id='word_1_240' title='bbox 139 3315 318 3390; x_wconf 83' lang='lat' dir='ltr'><strong>tientibus,</strong></span> <span class='ocrx_word' id='word_1_241' title='bbox 359 3312 628 3394; x_wconf 76' lang='lat' dir='ltr'><strong>Aristophanem,</strong></span> <span class='ocrx_word' id='word_1_242' title='bbox 653 3311 711 3378; x_wconf 85' lang='lat' dir='ltr'><strong>ubr‘</strong></span> <span class='ocrx_word' id='word_1_243' title='bbox 743 3311 937 3393; x_wconf 74' lang='lat' dir='ltr'><strong>quotidiano</strong></span> <span class='ocrx_word' id='word_1_244' title='bbox 975 3332 1123 3380; x_wconf 65' lang='lat' dir='ltr'><strong>samone</strong></span> <span class='ocrx_word' id='word_1_245' title='bbox 1158 3320 1318 3393; x_wconf 72' lang='lat' dir='ltr'><strong>ederetur,</strong></span> <span class='ocrx_word' id='word_1_246' title='bbox 1353 3319 1433 3381; x_wconf 84' lang='lat' dir='ltr'><strong>erote</strong></span> 
     </span>
     <span class='ocr_line' id='line_1_28' title="bbox 144 3419 1432 3504; baseline -0.001 -15"><span class='ocrx_word' id='word_1_247' title='bbox 144 3421 292 3489; x_wconf 80' lang='lat' dir='ltr'><strong>vocalem</strong></span> <span class='ocrx_word' id='word_1_248' title='bbox 316 3421 360 3499; x_wconf 86' lang='grc' dir='ltr'><strong>εἰς</strong></span> <span class='ocrx_word' id='word_1_249' title='bbox 382 3440 579 3502; x_wconf 63' lang='lat' dir='ltr'><strong>usurpasse</strong></span> <span class='ocrx_word' id='word_1_250' title='bbox 597 3423 632 3499; x_wconf 86' lang='grc' dir='ltr'><strong>ἐς</strong></span> <span class='ocrx_word' id='word_1_251' title='bbox 655 3420 728 3486; x_wconf 74' lang='lat' dir='ltr'><strong>atsi</strong></span> <span class='ocrx_word' id='word_1_252' title='bbox 749 3421 787 3484; x_wconf 82' lang='lat' dir='ltr'><strong>ie</strong></span> <span class='ocrx_word' id='word_1_253' title='bbox 813 3419 926 3504; x_wconf 73' lang='lat' dir='ltr'><strong>tyrias</strong></span> <span class='ocrx_word' id='word_1_254' title='bbox 948 3420 1101 3501; x_wconf 81' lang='lat' dir='ltr'><strong>pertibus</strong></span> <span class='ocrx_word' id='word_1_255' title='bbox 1117 3425 1177 3486; x_wconf 80' lang='lat' dir='ltr'><strong>aot</strong></span> <span class='ocrx_word' id='word_1_256' title='bbox 1194 3423 1432 3503; x_wconf 80' lang='lat' dir='ltr'><strong>perodis&#39;srsoa</strong></span> 
     </span>
     <span class='ocr_line' id='line_1_29' title="bbox 140 3525 1170 3610; baseline 0.004 -18"><span class='ocrx_word' id='word_1_257' title='bbox 140 3527 336 3604; x_wconf 74' lang='lat' dir='ltr'><strong>odrmssise,</strong></span> <span class='ocrx_word' id='word_1_258' title='bbox 362 3532 400 3590; x_wconf 89' lang='lat' dir='ltr'><strong>ut</strong></span> <span class='ocrx_word' id='word_1_259' title='bbox 421 3532 539 3609; x_wconf 90' lang='lat' dir='ltr'><strong>poetae</strong></span> <span class='ocrx_word' id='word_1_260' title='bbox 562 3526 693 3608; x_wconf 83' lang='lat' dir='ltr'><strong>tragici,</strong></span> <span class='ocrx_word' id='word_1_261' title='bbox 714 3526 820 3609; x_wconf 83' lang='lat' dir='ltr'><strong>lyrici,</strong></span> <span class='ocrx_word' id='word_1_262' title='bbox 843 3527 929 3610; x_wconf 88' lang='lat' dir='ltr'><strong>epici</strong></span> <span class='ocrx_word' id='word_1_263' title='bbox 952 3525 1170 3596; x_wconf 90' lang='lat' dir='ltr'><strong>admittunt*.</strong></span> 
     </span>
    </p>

    <p class='ocr_par' dir='ltr' id='par_1_6' title="bbox 142 3632 1487 3933">
     <span class='ocr_line' id='line_1_30' title="bbox 189 3632 1433 3720; baseline 0.003 -21"><span class='ocrx_word' id='word_1_264' title='bbox 189 3634 275 3702; x_wconf 87' lang='lat' dir='ltr'><strong>Ante</strong></span> <span class='ocrx_word' id='word_1_265' title='bbox 300 3642 538 3702; x_wconf 87' lang='lat' dir='ltr'><strong>consonantem</strong></span> <span class='ocrx_word' id='word_1_266' title='bbox 562 3638 672 3698; x_wconf 88' lang='lat' dir='ltr'><strong>autem</strong></span> <span class='ocrx_word' id='word_1_267' title='bbox 710 3637 787 3698; x_wconf 91' lang='lat' dir='ltr'><strong>utra</strong></span> <span class='ocrx_word' id='word_1_268' title='bbox 809 3632 915 3701; x_wconf 88' lang='lat' dir='ltr'><strong>forma</strong></span> <span class='ocrx_word' id='word_1_269' title='bbox 945 3634 997 3700; x_wconf 92' lang='lat' dir='ltr'><strong>usi</strong></span> <span class='ocrx_word' id='word_1_270' title='bbox 1021 3635 1087 3700; x_wconf 90' lang='lat' dir='ltr'><strong>sint</strong></span> <span class='ocrx_word' id='word_1_271' title='bbox 1109 3634 1213 3701; x_wconf 82' lang='lat' dir='ltr'><strong>Attici</strong></span> <span class='ocrx_word' id='word_1_272' title='bbox 1237 3639 1363 3703; x_wconf 89' lang='lat' dir='ltr'><strong>saeculi</strong></span> <span class='ocrx_word' id='word_1_273' title='bbox 1388 3639 1433 3720; x_wconf 86' lang='lat' dir='ltr'><strong>V,</strong></span> 
     </span>
     <span class='ocr_line' id='line_1_31' title="bbox 145 3739 1432 3824; baseline 0.002 -17"><span class='ocrx_word' id='word_1_274' title='bbox 145 3740 335 3807; x_wconf 87' lang='lat' dir='ltr'><strong>enumeris</strong></span> <span class='ocrx_word' id='word_1_275' title='bbox 370 3739 450 3806; x_wconf 92' lang='lat' dir='ltr'><strong>nihil</strong></span> <span class='ocrx_word' id='word_1_276' title='bbox 487 3739 647 3806; x_wconf 87' lang='lat' dir='ltr'><strong>discimus</strong></span> <span class='ocrx_word' id='word_1_277' title='bbox 683 3757 790 3821; x_wconf 89' lang='lat' dir='ltr'><strong>neque</strong></span> <span class='ocrx_word' id='word_1_278' title='bbox 826 3741 916 3806; x_wconf 89' lang='lat' dir='ltr'><strong>aliud</strong></span> <span class='ocrx_word' id='word_1_279' title='bbox 946 3740 1123 3824; x_wconf 87' lang='lat' dir='ltr'><strong>quidquam</strong></span> <span class='ocrx_word' id='word_1_280' title='bbox 1147 3740 1319 3823; x_wconf 86' lang='lat' dir='ltr'><strong>habemus,</strong></span> <span class='ocrx_word' id='word_1_281' title='bbox 1344 3745 1432 3810; x_wconf 85' lang='lat' dir='ltr'><strong>unda</strong></span> 
     </span>
     <span class='ocr_line' id='line_1_32' title="bbox 142 3835 1487 3933; baseline 0.004 -20"><span class='ocrx_word' id='word_1_282' title='bbox 142 3847 207 3913; x_wconf 83' lang='lat' dir='ltr'><strong>hoc</strong></span> <span class='ocrx_word' id='word_1_283' title='bbox 232 3851 322 3912; x_wconf 89' lang='lat' dir='ltr'><strong>certo</strong></span> <span class='ocrx_word' id='word_1_284' title='bbox 347 3864 596 3928; x_wconf 84' lang='lat' dir='ltr'><strong>cognoscamus.</strong></span> <span class='ocrx_word' id='word_1_285' title='bbox 619 3846 663 3911; x_wconf 85' lang='lat' dir='ltr'><strong>At</strong></span> <span class='ocrx_word' id='word_1_286' title='bbox 687 3846 791 3910; x_wconf 89' lang='lat' dir='ltr'><strong>multa</strong></span> <span class='ocrx_word' id='word_1_287' title='bbox 815 3853 901 3922; x_wconf 83' lang='lat' dir='ltr'><strong>sunt,</strong></span> <span class='ocrx_word' id='word_1_288' title='bbox 920 3863 1004 3928; x_wconf 90' lang='lat' dir='ltr'><strong>quae</strong></span> <span class='ocrx_word' id='word_1_289' title='bbox 1020 3848 1119 3914; x_wconf 91' lang='lat' dir='ltr'><strong>etiam</strong></span> <span class='ocrx_word' id='word_1_290' title='bbox 1134 3848 1189 3914; x_wconf 91' lang='lat' dir='ltr'><strong>hic</strong></span> <span class='ocrx_word' id='word_1_291' title='bbox 1203 3848 1333 3916; x_wconf 78' lang='lat' dir='ltr'><strong>Atticos</strong></span> <span class='ocrx_word' id='word_1_292' title='bbox 1353 3869 1433 3933; x_wconf 89' lang='lat' dir='ltr'><strong>pro·</strong></span> <span class='ocrx_word' id='word_1_293' title='bbox 1485 3835 1487 3838; x_wconf 33' lang='lat'>⁵</span> 
     </span>
    </p>
   </div>
   <div class='ocr_carea' id='block_1_5' title="bbox 141 4093 1432 4686">
    <p class='ocr_par' dir='ltr' id='par_1_7' title="bbox 141 4093 1431 4242">
     <span class='ocr_line' id='line_1_33' title="bbox 143 4093 1431 4167; baseline 0.002 -15"><span class='ocrx_word' id='word_1_294' title='bbox 143 4099 217 4167; x_wconf 81' lang='lat' dir='ltr'><strong>runt,</strong></span> <span class='ocrx_word' id='word_1_295' title='bbox 249 4097 353 4161; x_wconf 66' lang='lat' dir='ltr'><strong>mavit,</strong></span> <span class='ocrx_word' id='word_1_296' title='bbox 373 4111 434 4150; x_wconf 88' lang='lat' dir='ltr'><strong>curn</strong></span> <span class='ocrx_word' id='word_1_297' title='bbox 450 4099 513 4150; x_wconf 87' lang='lat' dir='ltr'><strong>ante</strong></span> <span class='ocrx_word' id='word_1_298' title='bbox 546 4096 574 4150; x_wconf 90' lang='lat' dir='ltr'><strong>in</strong></span> <span class='ocrx_word' id='word_1_299' title='bbox 592 4095 678 4153; x_wconf 82' lang='lat' dir='ltr'><strong>Ranis</strong></span> <span class='ocrx_word' id='word_1_300' title='bbox 698 4102 728 4151; x_wconf 85' lang='lat' dir='ltr'><strong>at</strong></span> <span class='ocrx_word' id='word_1_301' title='bbox 745 4095 826 4150; x_wconf 90' lang='lat' dir='ltr'><strong>Pluto</strong></span> <span class='ocrx_word' id='word_1_302' title='bbox 847 4095 945 4164; x_wconf 83' lang='lat'>(1881)</span> <span class='ocrx_word' id='word_1_303' title='bbox 969 4095 1054 4151; x_wconf 91' lang='lat' dir='ltr'><strong>libros</strong></span> <span class='ocrx_word' id='word_1_304' title='bbox 1083 4093 1293 4166; x_wconf 86' lang='lat' dir='ltr'><strong>diligentissime</strong></span> <span class='ocrx_word' id='word_1_305' title='bbox 1324 4105 1431 4155; x_wconf 71' lang='lat' dir='ltr'><strong>acuam</strong></span> 
     </span>
     <span class='ocr_line' id='line_1_34' title="bbox 141 4192 226 4242; baseline -0.024 0"><span class='ocrx_word' id='word_1_306' title='bbox 141 4192 226 4242; x_wconf 61' lang='lat' dir='ltr'><strong>utet.</strong></span> 
     </span>
    </p>

    <p class='ocr_par' dir='ltr' id='par_1_8' title="bbox 145 4273 1432 4686">
     <span class='ocr_line' id='line_1_35' title="bbox 182 4273 1432 4344; baseline 0.002 -16"><span class='ocrx_word' id='word_1_307' title='bbox 182 4274 267 4328; x_wconf 85' lang='lat' dir='ltr'><strong>*Hic</strong></span> <span class='ocrx_word' id='word_1_308' title='bbox 285 4273 352 4329; x_wconf 89' lang='lat' dir='ltr'><strong>mihi</strong></span> <span class='ocrx_word' id='word_1_309' title='bbox 371 4273 454 4331; x_wconf 80' lang='lat' dir='ltr'><strong>liceat</strong></span> <span class='ocrx_word' id='word_1_310' title='bbox 472 4273 560 4328; x_wconf 87' lang='lat' dir='ltr'><strong>simila</strong></span> <span class='ocrx_word' id='word_1_311' title='bbox 578 4288 613 4329; x_wconf 83' lang='lat' dir='ltr'><strong>ex</strong></span> <span class='ocrx_word' id='word_1_312' title='bbox 631 4274 732 4329; x_wconf 88' lang='lat' dir='ltr'><strong>nestris</strong></span> <span class='ocrx_word' id='word_1_313' title='bbox 755 4273 857 4328; x_wconf 88' lang='lat' dir='ltr'><strong>litteris</strong></span> <span class='ocrx_word' id='word_1_314' title='bbox 882 4273 977 4330; x_wconf 79' lang='lat' dir='ltr'><strong>affere.</strong></span> <span class='ocrx_word' id='word_1_315' title='bbox 995 4274 1074 4332; x_wconf 89' lang='lat' dir='ltr'><strong>Unde</strong></span> <span class='ocrx_word' id='word_1_316' title='bbox 1102 4275 1173 4330; x_wconf 88' lang='lat' dir='ltr'><strong>scire</strong></span> <span class='ocrx_word' id='word_1_317' title='bbox 1191 4290 1344 4344; x_wconf 81' lang='lat' dir='ltr'><strong>possumus,</strong></span> <span class='ocrx_word' id='word_1_318' title='bbox 1363 4291 1432 4344; x_wconf 89' lang='lat' dir='ltr'><strong>quo·</strong></span> 
     </span>
     <span class='ocr_line' id='line_1_36' title="bbox 145 4361 1431 4434; baseline 0.003 -18"><span class='ocrx_word' id='word_1_319' title='bbox 145 4362 225 4418; x_wconf 82' lang='lat' dir='ltr'><strong>modo</strong></span> <span class='ocrx_word' id='word_1_320' title='bbox 245 4361 429 4419; x_wconf 82' lang='lat' dir='ltr'><strong>Puschlrinius</strong></span> <span class='ocrx_word' id='word_1_321' title='bbox 448 4369 541 4418; x_wconf 89' lang='lat' dir='ltr'><strong>noster</strong></span> <span class='ocrx_word' id='word_1_322' title='bbox 561 4379 699 4434; x_wconf 68' lang='lat' dir='ltr'><strong>«mura»</strong></span> <span class='ocrx_word' id='word_1_323' title='bbox 719 4363 954 4432; x_wconf 81' lang='lat' dir='ltr'><strong>pronuntiaverit?</strong></span> <span class='ocrx_word' id='word_1_324' title='bbox 975 4362 1072 4432; x_wconf 87' lang='lat' dir='ltr'><strong>Neque</strong></span> <span class='ocrx_word' id='word_1_325' title='bbox 1102 4364 1172 4434; x_wconf 87' lang='lat' dir='ltr'><strong>ipsa,</strong></span> <span class='ocrx_word' id='word_1_326' title='bbox 1190 4379 1240 4420; x_wconf 88' lang='lat' dir='ltr'><strong>neo</strong></span> <span class='ocrx_word' id='word_1_327' title='bbox 1260 4377 1363 4434; x_wconf 85' lang='lat' dir='ltr'><strong>sorum,</strong></span> <span class='ocrx_word' id='word_1_328' title='bbox 1383 4365 1431 4433; x_wconf 88' lang='lat' dir='ltr'><strong>qui</strong></span> 
     </span>
     <span class='ocr_line' id='line_1_37' title="bbox 147 4449 1432 4524; baseline 0.005 -18"><span class='ocrx_word' id='word_1_329' title='bbox 147 4466 208 4506; x_wconf 83' lang='lat' dir='ltr'><strong>cum</strong></span> <span class='ocrx_word' id='word_1_330' title='bbox 225 4466 258 4507; x_wconf 89' lang='lat' dir='ltr'><strong>eo</strong></span> <span class='ocrx_word' id='word_1_331' title='bbox 277 4450 398 4524; x_wconf 82' lang='lat' dir='ltr'><strong>fuerunt,</strong></span> <span class='ocrx_word' id='word_1_332' title='bbox 417 4453 560 4521; x_wconf 87' lang='lat' dir='ltr'><strong>quisquam</strong></span> <span class='ocrx_word' id='word_1_333' title='bbox 582 4449 611 4506; x_wconf 90' lang='lat' dir='ltr'><strong>id</strong></span> <span class='ocrx_word' id='word_1_334' title='bbox 630 4451 756 4508; x_wconf 83' lang='lat' dir='ltr'><strong>tradidit.</strong></span> <span class='ocrx_word' id='word_1_335' title='bbox 784 4449 839 4506; x_wconf 87' lang='lat' dir='ltr'><strong>Sed</strong></span> <span class='ocrx_word' id='word_1_336' title='bbox 865 4454 991 4522; x_wconf 88' lang='lat' dir='ltr'><strong>quoniam</strong></span> <span class='ocrx_word' id='word_1_337' title='bbox 1011 4453 1168 4520; x_wconf 88' lang='lat' dir='ltr'><strong>inscriptis</strong></span> <span class='ocrx_word' id='word_1_338' title='bbox 1187 4453 1256 4521; x_wconf 86' lang='lat' dir='ltr'><strong>aius,</strong></span> <span class='ocrx_word' id='word_1_339' title='bbox 1276 4452 1432 4522; x_wconf 85' lang='lat' dir='ltr'><strong>ubicunque</strong></span> 
     </span>
     <span class='ocr_line' id='line_1_38' title="bbox 145 4538 1430 4612; baseline 0.004 -18"><span class='ocrx_word' id='word_1_340' title='bbox 145 4553 181 4594; x_wconf 81' lang='lat' dir='ltr'><strong>ca</strong></span> <span class='ocrx_word' id='word_1_341' title='bbox 199 4555 251 4596; x_wconf 81' lang='lat' dir='ltr'><strong>vox</strong></span> <span class='ocrx_word' id='word_1_342' title='bbox 270 4539 418 4610; x_wconf 77' lang='lat' dir='ltr'><strong>invenitur,</strong></span> <span class='ocrx_word' id='word_1_343' title='bbox 438 4543 591 4612; x_wconf 73' lang='lat' dir='ltr'><strong>«syenna»,</strong></span> <span class='ocrx_word' id='word_1_344' title='bbox 610 4555 662 4596; x_wconf 90' lang='lat' dir='ltr'><strong>non</strong></span> <span class='ocrx_word' id='word_1_345' title='bbox 681 4544 818 4610; x_wconf 63' lang='lat' dir='ltr'><strong>‹uysnw</strong></span> <span class='ocrx_word' id='word_1_346' title='bbox 838 4538 984 4608; x_wconf 82' lang='lat' dir='ltr'><strong>legandum</strong></span> <span class='ocrx_word' id='word_1_347' title='bbox 1015 4546 1066 4610; x_wconf 87' lang='lat' dir='ltr'><strong>est,</strong></span> <span class='ocrx_word' id='word_1_348' title='bbox 1084 4541 1144 4594; x_wconf 88' lang='lat' dir='ltr'><strong>iure</strong></span> <span class='ocrx_word' id='word_1_349' title='bbox 1163 4539 1321 4610; x_wconf 81' lang='lat' dir='ltr'><strong>colligimus,</strong></span> <span class='ocrx_word' id='word_1_350' title='bbox 1339 4542 1430 4612; x_wconf 80' lang='lat' dir='ltr'><strong>ipsum</strong></span> 
     </span>
     <span class='ocr_line' id='line_1_39' title="bbox 146 4626 513 4686; baseline 0.005 -4"><span class='ocrx_word' id='word_1_351' title='bbox 146 4626 188 4684; x_wconf 81' lang='lat' dir='ltr'><strong>ita</strong></span> <span class='ocrx_word' id='word_1_352' title='bbox 206 4627 297 4684; x_wconf 85' lang='lat' dir='ltr'><strong>dicere</strong></span> <span class='ocrx_word' id='word_1_353' title='bbox 317 4629 427 4685; x_wconf 86' lang='lat' dir='ltr'><strong>solitum</strong></span> <span class='ocrx_word' id='word_1_354' title='bbox 445 4645 513 4686; x_wconf 88' lang='lat' dir='ltr'><strong>esse.</strong></span> 
     </span>
    </p>
   </div>
   <div class='ocr_carea' id='block_1_6' title="bbox 1288 4721 1325 4779">
    <p class='ocr_par' dir='ltr' id='par_1_9' title="bbox 1288 4721 1325 4779">
     <span class='ocr_line' id='line_1_40' title="bbox 1288 4721 1325 4779; baseline 0 -21"><span class='ocrx_word' id='word_1_355' title='bbox 1288 4721 1325 4779; x_wconf 72' lang='grc'><strong>3*</strong></span> 
     </span>
    </p>
   </div>
   <div class='ocr_carea' id='block_1_7' title="bbox 0 0 1673 5370">
    <p class='ocr_par' dir='ltr' id='par_1_10' title="bbox 0 0 1673 5370">
     <span class='ocr_line' id='line_1_41' title="bbox 0 0 1673 5370; baseline 0 0"><span class='ocrx_word' id='word_1_356' title='bbox 0 0 1673 5370; x_wconf 95' lang='lat' dir='ltr'><strong> </strong></span> 
     </span>
    </p>
   </div>
  </div>
 </body>
</html>
