3298 5368
630 473 828 534 -133-

137 635 179 702 R.
209 639 293 702 1629
318 638 466 716 δαίμονες
491 638 523 702 οἱ
549 641 628 702 κατὰ
651 638 754 716 γαίας.

138 743 175 825 5)
202 741 312 808 Semel
335 742 476 825 denique
502 744 582 808 κατά
620 761 649 811 c.
681 761 756 825 geu.
780 748 890 824 potest
914 748 1050 825 motum,
1079 743 1141 810 sub
1175 743 1311 825 οίίριιίύ
1327 745 1380 812 di·

89 855 238 926 rectum,
264 850 444 916 declarare.
859 905 863 914 .
1278 919 1281 928 p

134 956 188 1022 Pl.
217 959 281 1020 238
306 958 486 1034 κατώρυξέν
510 977 548 1036 με
571 959 650 1020 κατὰ
673 961 730 1035 τῆς
749 959 809 1034 γῆς
832 957 929 1020 κάτω.
947 955 1039 1023 Hanc
1054 957 1120 1022 rim
1136 958 1373 1041 praepositioni

88 1063 154 1128 boc
180 1065 259 1130 loco
283 1063 381 1146 vulgo
403 1063 563 1130 tribuunt
587 1064 742 1128 Attamen
763 1067 870 1128 restat
892 1063 1068 1143 dubitatio,
1084 1083 1126 1130 au
1142 1065 1252 1146 potius
1271 1065 1371 1130 etiem

87 1169 145 1236 liic
171 1172 256 1235 κατὰ
277 1174 334 1250 τῆς
358 1175 419 1249 γῆς
444 1170 524 1249 „sub
548 1172 656 1234 δειναί
694 1168 888 1235 vertendum
924 1170 977 1236 sit.
1015 1169 1099 1237 Nam
1136 1171 1211 1236 aliis
1246 1171 1375 1238 duobus

88 1277 178 1344 locis
204 1276 306 1340 verbo
330 1277 531 1354 κατορύττειν
555 1275 667 1342 addite
690 1282 742 1342 est
758 1276 972 1357 praepositio,
990 1277 1146 1362 quietem,
1163 1296 1227 1344 nou
1246 1285 1372 1344 motum

2 1457 3 1466 φ
87 1381 300 1470 significans:
325 1383 385 1450 Αν.
409 1388 474 1450 476
498 1385 534 1450 ἐν
556 1389 592 1466 τῇ
619 1388 740 1466 κεφαλῇ
767 1383 945 1462 κατορύξαι.
968 1382 1025 1448 Th.
1045 1387 1108 1450 662
1132 1386 1195 1452 ὑπὸ
1210 1391 1248 1468 τῇ
1264 1387 1374 1470 πυέλῳ

91 1495 292 1570 κατιίιρυξενς
317 1491 402 1558 κάτω
428 1496 536 1556 autem
563 1499 596 1556 et
616 1492 817 1572 ‚deorsum“
843 1489 894 1573 (ut
916 1493 954 1558 A.
979 1493 1031 1555 21.
1052 1491 1091 1554 Ε.
1116 1493 1192 1556 866.
1216 1491 1257 1556 Ν.
1284 1493 1375 1576 616),

88 1607 124 1668 et
150 1595 283 1678 „inne
311 1599 362 1680 (ut
386 1601 423 1662 Α.
447 1600 499 1661 97.
524 1598 562 1662 V.
590 1602 662 1663 182.
686 1597 723 1662 Ρ.
748 1600 825 1662 224.
851 1598 925 1662 649.
950 1597 988 1662 R.
1013 1598 1092 1680 486)
1118 1595 1292 1681 siguificat.

135 1707 183 1771 11.
212 1706 318 1772 Seusu
342 1704 469 1770 tralato

140 1814 173 1898 1)
200 1812 408 1895 praepositio
440 1829 513 1877 cum
537 1811 646 1877 verbis
681 1811 821 1876 iurandi
859 1811 1059 1892 docendique
1090 1811 1299 1895 coniungitur
1334 1810 1376 1876 ad

91 1939 160 1986 rem
180 1919 442 2006 significandam,
463 1919 553 2000 apud
569 1938 665 2002 quam
683 1918 803 2001 aliquis
821 1919 907 1984 iurat
926 1919 979 1984 vel
994 1925 1070 1984 vota
1094 1918 1175 1984 facit
1196 1919 1252 2002 (cf.
1275 1918 1376 2001 Przy·

90 2026 191 2093 billae
216 2046 248 2110 p.
275 2027 432 2108 44-45):

135 2133 177 2199 Ε.
205 2137 271 2199 660
294 2133 574 2218 τῇ-Ἀγροτέρᾳ
609 2136 688 2198 κατὰ
710 2133 818 2214 χιλίων
849 2135 1020 2216 παρῄνεσα
1044 2131 1141 2214 εὐχὴν
1175 2136 1373 2212 ποιήσασθαι

90 2244 248 2322 χιμάρων,
274 2243 331 2307 ubi
351 2260 380 2306 r.
404 2240 510 2305 Koek.

137 2347 178 2413 R.
210 2351 272 2413 101
299 2345 417 2428 ὀμόσαι
440 2345 510 2412 καθ’
533 2347 638 2425 ἱερῶν.

136 2453 170 2537 2)
196 2454 270 2518 Ιαιιι
295 2470 590 2519 commemoremus
615 2471 688 2516 eum
713 2451 970 2534 praepositionis
994 2472 1101 2529 usum,
1136 2453 1193 2518 ubi
1217 2472 1257 2528 ex
1279 2455 1370 2520 locu-

92 2561 256 2638 tionibus,
280 2579 300 2624 α
322 2558 447 2652 lorensi
471 2576 591 2642 genere
615 2559 745 2626 dicendi
779 2559 905 2642 petitis,
937 2575 1109 2641 suspensa,
1143 2561 1214 2625 eius
1250 2561 1373 2626 nomini

93 2668 298 2751 adiungitur,
319 2672 435 2732 contro
459 2683 556 2748 quem
581 2685 682 2733 causa
707 2667 827 2732 dicitur
851 2667 905 2730 vel
929 2666 1091 2732 sententia
1114 2665 1230 2733 fertur.

136 2775 175 2841 n.
203 2780 268 2839 347
294 2776 424 2839 δικίδιον
447 2773 539 2851 είτιας
563 2773 598 2838 ειί
622 2776 702 2839 κατὰ
732 2775 826 2840 ξένου
862 2774 1018 2854 μετοίκου.
1056 2776 1119 2837 627
1154 2773 1260 2851 ἤρειδε
1293 2775 1374 2838 κατὰ

90 2888 157 2947 τῶν
180 2884 307 2949 ἱππέων
334 2879 570 2963 „invehebatur
594 2879 627 2944 iu
652 2881 814 2962 equites‘,
850 2878 905 2946 ubi
933 2880 1046 2946 eadem
1082 2880 1114 2944 vi
1148 2880 1247 2944 etiem
1276 2879 1322 2958 εἰς
1345 2898 1373 2948 c.

92 3007 160 3055 acc.
186 2989 255 3055 dici
279 2995 421 3070 poteret3
447 2985 487 3052 ci.
511 2986 549 3051 N.
575 2989 638 3051 558
663 2989 841 3066 ἐρείδουσιν
877 2987 921 3065 εἰς
952 2987 1156 3067 Ὑπέρβολον.
1171 2989 1269 3051 -808
1293 2988 1373 3051 κατὰ

95 3100 154 3164 coo
179 3099 241 3175 τὴν
264 3100 378 3174 ψῆφον
401 3093 547 3174 ἰχνεύων.
739 3091 742 3106 “

136 3220 175 3284 Ν.
203 3223 269 3284 282
294 3218 399 3298 οὐδεὶς
423 3218 489 3284 κατ’
512 3221 589 3300 ἐμοῦ
613 3224 789 3298 τεθνεῶτος
811 3208 929 3285 clodis
952 3219 1052 3297 δίκην.

137 3328 172 3412 3)
197 3327 317 3392 Restat
349 3346 435 3393 unus
470 3327 576 3407 locus,
601 3323 655 3409 qui
691 3327 834 3392 nondum
857 3345 877 3390 a
899 3324 979 3390 viris
1014 3323 1120 3389 doctis
1156 3323 1237 3389 satis
1263 3323 1375 3406 exple·

95 3443 191 3500 natus
223 3437 285 3515 est,

136 3539 174 3608 P.
200 3543 260 3606 24]
292 3536 342 3619 ἆρ’
369 3540 465 3620 οὗτός
499 3537 565 3608 ἐστ’
603 3541 738 3620 ἐκεῖνος,
762 3541 803 3606 ὃν
826 3541 877 3604 καὶ
899 3539 1069 3619 φεύγομεν,
1094 3537 1115 3601 δ
1137 3538 1251 3616 δεινός,
1276 3537 1296 3601 δ
1317 3559 1373 3604 τα·

96 3649 257 3726 λαύρινος,
282 3649 301 3712 δ
324 3651 405 3713 κατὰ
427 3653 498 3714 τοῑν
523 3652 663 3714 σκελοῖν.
686 3647 738 3712 Ad
761 3653 932 3728 postrema
947 3645 1046 3711 verba
1062 3644 1247 3712 Bruuckios
1263 3644 1372 3710 audiri

98 3751 186 3820 iubet
210 3757 325 3834 ἑστώς,
351 3758 496 3835 βεβηκώς
519 3756 572 3820 vel
596 3755 705 3821 simile
729 3755 821 3837 quid,
840 3771 977 3836 eamque
1002 3752 1254 3834 explicationem
1278 3752 1374 3834 Blar-

96 3857 206 3927 dcsius
242 3861 369 3943 probet,
394 3880 467 3926 cunr
502 3861 743 3944 interpretatur
780 3860 859 3943 ,qui
882 3859 1034 3942 ‘pedibus
1057 3857 1195 3924 firmiter
1218 3856 1375 3924 insistit“.

98 3964 257 4050 Equidem
281 3969 421 4052 ingenue
446 3968 563 4053 fatcor,
579 3986 717 4053 prorsus
740 3987 793 4034 me
817 3985 882 4034 non
906 3967 1110 4050 intellegere,
1124 3965 1202 4050 quid
1224 3965 1269 4032 sit
1284 3963 1375 4030 istud

99 4075 174 4140 κατὰ
207 4077 278 4140 τοῑν
313 4075 444 4140 σκελοῖν
481 4074 599 4153 βαίνειν
630 4073 683 4140 vel
708 4074 849 4151 ἑστάναι;
873 4073 973 4138 ίιιιιιιο
996 4089 1074 4138 vero
1097 4071 1222 4147 dubito,
1244 4089 1287 4136 au
1310 4087 1376 4135 nou
1485 4054 1492 4068 ’

97 4181 228 4247 omuino
256 4182 303 4246 its
326 4179 457 4246 Graece
479 4180 546 4246 dici
569 4181 676 4262 possit
699 4180 774 4262 (uec
797 4177 884 4246 euim
907 4179 976 4246 ullo
1000 4179 1148 4261 exemplo
1171 4177 1256 4244 hanc
1271 4178 1375 4244 iuter-

98 4287 316 4362 pretationem
341 4285 603 4366 confirmarunt).
628 4286 749 4352 Melius
772 4285 902 4352 videtur
926 4282 1101 4364 Reiskeus,
1117 4285 1273 4352 Richtero
1298 4301 1375 4366 pro·

98 4385 201 4470 butus,
216 4395 387 4476 supplesse
406 4393 541 4472 ἱέμενος,
555 4398 593 4458 ut
613 4392 658 4458 sit
676 4393 752 4475 ,qui
769 4392 811 4458 ed
827 4391 1011 4476 affligenda,
1025 4391 1260 4474 confringendo
1276 4407 1375 4456 crura

98 4497 233 4578 tendit“;
259 4503 338 4566 κατὰ
360 4523 388 4566 τ.
402 4518 453 4566 σκ.
469 4501 579 4583 igitur,
605 4500 645 4566 od
669 4502 808 4566 verbum
833 4501 862 4568 si
886 4505 1007 4582 vertes,
1020 4507 1073 4566 est
1088 4505 1227 4582 ,contre
1244 4499 1376 4566 crure“.

101 4598 189 4678 Quae
225 4607 438 4692 interpetatio
478 4617 512 4672 et
547 4625 620 4674 cum
656 4609 936 4690 praecedentibus
974 4611 1015 4674 δν
1039 4610 1090 4673 καὶ
1112 4607 1275 4688 φεύγομεν
1297 4624 1375 4674 cou-
