3326 5372
723 403 920 464 -228-

238 567 273 660 2)
296 571 439 638 hiterius
463 590 552 649 usus,
571 550 634 653 quo
658 570 777 651 grado·
805 568 975 652 dignitatis
1000 569 1064 634 aiio
1087 567 1232 636 inferior¹
1250 565 1467 650 significatur,

193 677 256 741 duo
282 677 429 759 exempla
453 676 664 741 inveniuntur
689 674 773 756 apud
797 674 863 753 Aa,
879 675 913 740 in
930 675 1048 757 quibus
1071 675 1274 758 praepositio
1305 689 1468 755 esuper-

192 781 292 849 latino
316 780 469 847 adiectivi
494 781 546 847 vei
570 781 715 847 adverbii
741 798 902 862 suspensa
926 786 986 849 cst.

236 889 275 958 E.
300 892 362 953 765
387 892 555 969 γεγένημαι
580 890 743 968 βέλτιστος
762 888 844 967 ἀνὴρ
867 890 944 967 μετὰ
968 889 1126 955 Λυσικλέα
1151 893 1215 956 κτλ.

237 997 284 1064 Pl.
311 1000 371 1062 251
400 998 440 1062 ὃν
461 997 524 1073 ἐγὼ
544 1000 628 1076 φιλῶ
652 997 788 1077 μάλιστα
812 997 888 1070 μετὰ
912 996 961 1060 σέ.

452 1299 488 1366 G.
514 1301 644 1376 Μετά,
669 1317 696 1366 c.
722 1299 811 1365 dat.
836 1298 1154 1382 coniunctum,

237 1531 369 1613 poetica
393 1531 594 1596 constructio
633 1537 700 1608 ast„
728 1550 794 1613 qua
831 1531 871 1598 de
896 1550 995 1598 eausa
1019 1531 1104 1614 apud
1128 1531 1183 1596 Ar.
1209 1530 1271 1597 nisi
1296 1533 1330 1602 in
1353 1530 1471 1614 lyricis

193 1640 342 1722 partibus
371 1639 468 1721 idque
509 1639 680 1705 rarissime
718 1658 782 1704 non
821 1639 997 1706 invenitur.
1033 1638 1212 1721 Oopuiatur
1248 1646 1356 1706 autem
1393 1657 1471 1705 cum

194 1747 313 1828 plurali
341 1764 479 1812 numero
504 1747 729 1827 animantium,
753 1746 785 1812 vi
807 1747 990 1828 particulae
1014 1749 1143 1829 „inter“
1168 1748 1362 1831 praeditum.

238 1855 297 1920 Αν.
323 1857 384 1918 251
412 1854 474 1934 μετ’
498 1855 692 1921 ἀλκυόνεσσι
715 1860 860 1934 ποτῆται.

237 1963 274 2031 L.
302 1964 385 2026 1283
412 1963 450 2041 ὃς
474 1964 550 2042 μετὰ
574 1965 702 2043 μαινάσι
726 1964 1021 2044 βακχίσιν-οἰνάσι
1044 1965 1171 2030 δαίεται.

238 2071 275 2136 R.
301 2073 363 2134 330
390 2071 780 2149 ἐγκατακρούων-ἁγνὰν
817 2070 920 2150 ὁσίοις
955 2073 1032 2149 μετὰ
1066 2072 1216 2150 μύσταισι
1249 2070 1385 2150 χορείαν,
1410 2068 1473 2134 ubi

195 2179 271 2259 μετά
295 2197 313 2242 a
337 2177 462 2242 Koekio
487 2178 526 2242 de
551 2177 742 2244 coniectura
771 2177 916 2246 additum
942 2182 1002 2258 est,
1017 2178 1104 2260 quod
1124 2182 1158 2243 et
1182 2183 1285 2245 metro
1308 2179 1342 2244 et
1365 2193 1472 2245 sensu

197 2287 395 2368 postulatur.
420 2285 505 2352 Vide
529 2287 600 2354 eius
625 2306 699 2352 ann.

740 2609 928 2676 hiddi.

215 2831 327 2896 'Haec
351 2829 513 2912 particula
535 2847 672 2910 prorsus
696 2833 788 2894 antra
811 2829 993 2894 Atticorum
1022 2846 1117 2894 usum
1142 2826 1212 2904 fuit,
1231 2829 1340 2910 poetis
1361 2830 1469 2896 usita-

193 2938 332 3006 tissima.
368 2936 449 3002 Nam
475 2937 508 3002 in
531 2936 639 3010 titulis
675 2937 893 3018 Atticispnisi
926 2940 1032 3010 metro
1055 2935 1177 3018 ligatis,
1200 2953 1263 3004 non
1288 2935 1471 3017 insanitum

195 3045 283 3128 apud
308 3050 456 3109 oratores
482 3044 612 3110 omnino
635 3064 795 3127 nusquam
819 3045 951 3127 legitur;
977 3044 1063 3125 apud
1086 3043 1308 3126 Thucydidem
1325 3043 1376 3112 bis
1396 3048 1472 3110 tau·

194 3159 262 3220 tum
286 3152 451 3233 reperitur
474 3151 572 3233 idque
598 3153 631 3218 in
656 3151 879 3219 locutionibus
915 3152 1209 3236 daupeinais,
1235 3155 1289 3232 65,
1315 3153 1347 3231 1)
1371 3155 1405 3217 et
1428 3155 1471 3218 τὰ

195 3261 274 3340 ἀμφί
296 3282 323 3323 τι
348 3258 391 3343 (7,
418 3262 470 3340 40,
490 3260 535 3343 2);
560 3260 657 3326 etiam
684 3260 771 3340 apud
795 3259 965 3327 Platonem
1001 3258 1069 3325 fere
1093 3259 1126 3324 in
1150 3259 1263 3327 eadem
1287 3277 1353 3326 nna
1374 3260 1472 3326 locu·

194 3369 285 3432 tione
320 3367 349 3431 oi
373 3367 451 3447 ἀμφί
475 3388 543 3432 τινα
566 3366 696 3449 legitur.
736 3363 834 3432 Solus
858 3365 1053 3450 Xenophon,
1078 3370 1114 3430 ut
1145 3366 1240 3445 solet,
1265 3368 1304 3433 ab
1342 3367 1473 3435 Attiou·

195 3493 267 3539 rum
293 3475 529 3540 consuetudine
553 3472 681 3538 recedit
704 3471 1034 3556 frequentissimeque
1058 3473 1117 3538 hac
1143 3491 1223 3538 voca
1242 3473 1355 3540 utitur.
1373 3474 1469 3556 Apud

196 3583 341 3648 comicos
360 3585 440 3663 ἀμφί
462 3583 512 3648 bis
537 3583 570 3647 in
594 3581 784 3665 fragmentis
810 3584 996 3650 comoediae
1024 3582 1154 3658 mediae
1179 3580 1334 3648 occurrit:
1358 3581 1469 3648 Phile-

195 3680 280 3758 taeri
305 3695 334 3771 3,
349 3693 412 3756 300
425 3687 486 3778 (1),
505 3691 590 3772 quod
605 3687 823 3772 fragmentum
845 3696 879 3755 et
901 3690 1046 3774 pessime
1072 3694 1262 3772 corruptum
1286 3694 1339 3756 est
1362 3707 1469 3772 neque

196 3797 346 3864 senarius
371 3816 441 3862 esse
467 3801 585 3877 potest,
609 3801 643 3860 et
664 3797 814 3863 Anionici
838 3801 867 3878 3,
884 3802 945 3864 532
961 3797 1068 3881 (l,15)
1092 3798 1124 3862 in
1150 3798 1288 3877 cantico,
1305 3797 1362 3863 ubi
1382 3797 1470 3882 „for-

195 3913 285 3972 tasse
308 3904 426 3987 tragici
448 3910 565 3986 poetae
589 3905 703 3972 subest
720 3906 788 3972 sive
814 3906 926 3972 irrisio
952 3904 1019 3970 siae
1044 3903 1220 3972 imitatio“.
1238 3905 1354 3988 Atque,
1373 3910 1410 3970 ut
1426 3907 1473 3972 ad

196 4013 450 4095 Aristophanem
475 4011 605 4078 tandem
629 4013 808 4089 veniamus,
833 4014 862 4080 is
887 4014 966 4094 ἀμφί
988 4031 1053 4078 non
1066 4013 1222 4093 admitti,
1244 4013 1310 4079 nisi
1326 4013 1380 4081 ubi
1399 4013 1469 4080 ela·

195 4119 280 4186 tiore
303 4137 424 4203 genere
447 4119 574 4186 dicendi
599 4122 713 4191 utitur:
739 4121 842 4190 semel
864 4122 898 4187 in
922 4120 1052 4186 senario
1078 4119 1132 4204 (Α.
1161 4120 1271 4203 1072),
1296 4120 1350 4202 qui
1371 4117 1467 4201 „sine

196 4228 295 4294 dubio
330 4226 448 4308 tragici
485 4228 667 4309 cuiusdam,
703 4229 841 4298 fortasse
877 4227 1068 4311 Euripidis*
1107 4232 1158 4294 est
1183 4225 1237 4310 (ef.
1262 4227 1466 4311 Bakhuyuen.

195 4356 227 4419 p.
252 4338 320 4418 25),
345 4338 461 4417 quater
484 4335 518 4402 in
542 4337 690 4404 canticis.
731 4338 790 4405 Oui
814 4336 1050 4420 praepositioni
1086 4335 1310 4403 accusativum
1334 4339 1385 4400 ter
1410 4341 1469 4404 aut

197 4449 311 4528 quater
333 4443 480 4510 adiunxit
502 4451 611 4527 poeta,
637 4446 781 4512 dativum
807 4446 919 4522 semel.
944 4443 1133 4530 genetivum
1156 4461 1327 4524 nusquam.
