<?xml version="1.0" encoding="UTF-8"?>
<!DOCTYPE html PUBLIC "-//W3C//DTD XHTML 1.0 Transitional//EN"
    "http://www.w3.org/TR/xhtml1/DTD/xhtml1-transitional.dtd">
<html xmlns="http://www.w3.org/1999/xhtml" xml:lang="en" lang="en">
 <head>
  <title>
</title>
<meta http-equiv="Content-Type" content="text/html;charset=utf-8" />
  <meta name='ocr-system' content='tesseract 3.04.00' />
  <meta name='ocr-capabilities' content='ocr_page ocr_carea ocr_par ocr_line ocrx_word'/>
</head>
<body>
  <div class='ocr_page' id='page_1' title='image "./depraepositionu00sobogoog_0173.png"; bbox 0 0 3346 5368; ppageno 0'>
   <div class='ocr_carea' id='block_1_1' title="bbox 816 468 1014 528">
    <p class='ocr_par' dir='ltr' id='par_1_1' title="bbox 816 468 1014 528">
     <span class='ocr_line' id='line_1_1' title="bbox 816 468 1014 528; baseline 0.01 -2"><span class='ocrx_word' id='word_1_1' title='bbox 816 501 850 510; x_wconf 87' lang='lat'>—</span> <span class='ocrx_word' id='word_1_2' title='bbox 887 468 947 528; x_wconf 72' lang='lat'>102</span> <span class='ocrx_word' id='word_1_3' title='bbox 976 500 1014 512; x_wconf 85' lang='lat'><em>-</em></span> 
     </span>
    </p>
   </div>
   <div class='ocr_carea' id='block_1_2' title="bbox 279 633 1557 716">
    <p class='ocr_par' dir='ltr' id='par_1_2' title="bbox 279 633 1557 716">
     <span class='ocr_line' id='line_1_2' title="bbox 279 633 1557 716; baseline -0.008 -12"><span class='ocrx_word' id='word_1_4' title='bbox 279 637 346 704; x_wconf 87' lang='lat' dir='ltr'>Nec</span> <span class='ocrx_word' id='word_1_5' title='bbox 381 636 467 700; x_wconf 89' lang='lat' dir='ltr'>enim</span> <span class='ocrx_word' id='word_1_6' title='bbox 502 633 744 716; x_wconf 68' lang='lat' dir='ltr'>orationeque</span> <span class='ocrx_word' id='word_1_7' title='bbox 780 633 938 713; x_wconf 70' lang='lat' dir='ltr'>Bentleio</span> <span class='ocrx_word' id='word_1_8' title='bbox 964 636 1019 716; x_wconf 91' lang='lat' dir='ltr'>qui</span> <span class='ocrx_word' id='word_1_9' title='bbox 1053 642 1111 714; x_wconf 81' lang='grc' dir='ltr'>τῆς</span> <span class='ocrx_word' id='word_1_10' title='bbox 1141 637 1248 716; x_wconf 79' lang='grc' dir='ltr'>χειρός</span> <span class='ocrx_word' id='word_1_11' title='bbox 1283 649 1342 714; x_wconf 83' lang='lat' dir='ltr'>pro</span> <span class='ocrx_word' id='word_1_12' title='bbox 1374 636 1438 711; x_wconf 83' lang='grc' dir='ltr'>τῆς</span> <span class='ocrx_word' id='word_1_13' title='bbox 1459 651 1557 709; x_wconf 85' lang='grc' dir='ltr'>κεφα-</span> 
     </span>
    </p>
   </div>
   <div class='ocr_carea' id='block_1_3' title="bbox 280 736 1663 930">
    <p class='ocr_par' dir='ltr' id='par_1_3' title="bbox 280 736 1663 930">
     <span class='ocr_line' id='line_1_3' title="bbox 281 736 1663 848; baseline -0.008 -39"><span class='ocrx_word' id='word_1_14' title='bbox 281 749 339 822; x_wconf 84' lang='grc' dir='ltr'>λῆς</span> <span class='ocrx_word' id='word_1_15' title='bbox 363 741 586 824; x_wconf 80' lang='lat' dir='ltr'>reponendum</span> <span class='ocrx_word' id='word_1_16' title='bbox 611 741 750 818; x_wconf 84' lang='lat' dir='ltr'>censuit,</span> <span class='ocrx_word' id='word_1_17' title='bbox 776 759 881 823; x_wconf 87' lang='lat' dir='ltr'>neque</span> <span class='ocrx_word' id='word_1_18' title='bbox 906 741 1078 824; x_wconf 81' lang='lat' dir='ltr'>Bluydesio</span> <span class='ocrx_word' id='word_1_19' title='bbox 1102 747 1158 808; x_wconf 85' lang='grc' dir='ltr'>τοῦ</span> <span class='ocrx_word' id='word_1_20' title='bbox 1184 744 1351 822; x_wconf 80' lang='grc' dir='ltr'>σκήπτρου</span> <span class='ocrx_word' id='word_1_21' title='bbox 1369 736 1556 808; x_wconf 78' lang='lat' dir='ltr'>conicienti:</span> <span class='ocrx_word' id='word_1_22' title='bbox 1662 819 1663 848; x_wconf 26' lang='grc' dir='ltr'>ἢ</span> 
     </span>
     <span class='ocr_line' id='line_1_4' title="bbox 280 844 1558 930; baseline -0.003 -17"><span class='ocrx_word' id='word_1_23' title='bbox 280 867 354 914; x_wconf 92' lang='lat' dir='ltr'>nam</span> <span class='ocrx_word' id='word_1_24' title='bbox 377 847 551 912; x_wconf 86' lang='lat' dir='ltr'>violentior</span> <span class='ocrx_word' id='word_1_25' title='bbox 575 850 628 912; x_wconf 91' lang='lat' dir='ltr'>est</span> <span class='ocrx_word' id='word_1_26' title='bbox 650 845 801 924; x_wconf 67' lang='lat' dir='ltr'>nutatim</span> <span class='ocrx_word' id='word_1_27' title='bbox 824 865 933 928; x_wconf 86' lang='lat' dir='ltr'>neque</span> <span class='ocrx_word' id='word_1_28' title='bbox 964 849 1106 930; x_wconf 85' lang='lat' dir='ltr'>denique</span> <span class='ocrx_word' id='word_1_29' title='bbox 1141 847 1260 912; x_wconf 88' lang='lat' dir='ltr'>Kookii</span> <span class='ocrx_word' id='word_1_30' title='bbox 1291 853 1350 926; x_wconf 86' lang='grc' dir='ltr'>τῆς</span> <span class='ocrx_word' id='word_1_31' title='bbox 1383 844 1558 920; x_wconf 75' lang='grc' dir='ltr'>σκυτάλης,</span> 
     </span>
    </p>
   </div>
   <div class='ocr_carea' id='block_1_4' title="bbox 279 948 1558 1037">
    <p class='ocr_par' dir='ltr' id='par_1_4' title="bbox 279 948 1558 1037">
     <span class='ocr_line' id='line_1_5' title="bbox 279 948 1558 1037; baseline -0.005 -16"><span class='ocrx_word' id='word_1_32' title='bbox 279 961 318 1020; x_wconf 90' lang='lat' dir='ltr'>ut</span> <span class='ocrx_word' id='word_1_33' title='bbox 340 955 465 1020; x_wconf 85' lang='lat' dir='ltr'>comice</span> <span class='ocrx_word' id='word_1_34' title='bbox 487 972 546 1036; x_wconf 82' lang='lat' dir='ltr'>pro</span> <span class='ocrx_word' id='word_1_35' title='bbox 571 956 628 1018; x_wconf 83' lang='grc' dir='ltr'>τοῦ</span> <span class='ocrx_word' id='word_1_36' title='bbox 652 954 816 1032; x_wconf 81' lang='grc' dir='ltr'>σκήπτρου</span> <span class='ocrx_word' id='word_1_37' title='bbox 839 953 972 1030; x_wconf 83' lang='lat' dir='ltr'>dictum,</span> <span class='ocrx_word' id='word_1_38' title='bbox 990 955 1208 1037; x_wconf 79' lang='lat' dir='ltr'>probaverim,</span> <span class='ocrx_word' id='word_1_39' title='bbox 1244 953 1329 1036; x_wconf 89' lang='lat' dir='ltr'>quod</span> <span class='ocrx_word' id='word_1_40' title='bbox 1352 948 1558 1018; x_wconf 87' lang='lat' dir='ltr'>Pithetoerus</span> 
     </span>
    </p>
   </div>
   <div class='ocr_carea' id='block_1_5' title="bbox 281 1051 1663 1143">
    <p class='ocr_par' dir='ltr' id='par_1_5' title="bbox 281 1051 1663 1143">
     <span class='ocr_line' id='line_1_6' title="bbox 281 1051 1663 1143; baseline -0.003 -17"><span class='ocrx_word' id='word_1_41' title='bbox 281 1062 368 1136; x_wconf 81' lang='lat' dir='ltr'>serio</span> <span class='ocrx_word' id='word_1_42' title='bbox 391 1060 548 1143; x_wconf 89' lang='lat' dir='ltr'>loquitur.</span> <span class='ocrx_word' id='word_1_43' title='bbox 573 1060 713 1126; x_wconf 82' lang='lat' dir='ltr'><strong>Accedit</strong></span> <span class='ocrx_word' id='word_1_44' title='bbox 735 1061 823 1142; x_wconf 90' lang='lat' dir='ltr'>quod</span> <span class='ocrx_word' id='word_1_45' title='bbox 847 1061 950 1126; x_wconf 84' lang='lat' dir='ltr'>verba</span> <span class='ocrx_word' id='word_1_46' title='bbox 973 1063 1022 1128; x_wconf 84' lang='grc' dir='ltr'>ἐπὶ</span> <span class='ocrx_word' id='word_1_47' title='bbox 1045 1068 1103 1142; x_wconf 88' lang='grc' dir='ltr'>τῆς</span> <span class='ocrx_word' id='word_1_48' title='bbox 1127 1065 1271 1142; x_wconf 82' lang='grc' dir='ltr'>κεφαλῆς</span> <span class='ocrx_word' id='word_1_49' title='bbox 1294 1077 1359 1126; x_wconf 86' lang='lat' dir='ltr'>non</span> <span class='ocrx_word' id='word_1_50' title='bbox 1383 1059 1425 1126; x_wconf 89' lang='lat' dir='ltr'>ad</span> <span class='ocrx_word' id='word_1_51' title='bbox 1443 1057 1559 1124; x_wconf 81' lang='lat' dir='ltr'>Jovern</span> <span class='ocrx_word' id='word_1_52' title='bbox 1662 1051 1663 1064; x_wconf 54' lang='lat'>¹</span> 
     </span>
    </p>
   </div>
   <div class='ocr_carea' id='block_1_6' title="bbox 278 1163 1562 3493">
    <p class='ocr_par' dir='ltr' id='par_1_6' title="bbox 281 1163 1560 1786">
     <span class='ocr_line' id='line_1_7' title="bbox 281 1163 1558 1250; baseline -0.007 -15"><span class='ocrx_word' id='word_1_53' title='bbox 281 1171 388 1235; x_wconf 89' lang='lat' dir='ltr'>solum</span> <span class='ocrx_word' id='word_1_54' title='bbox 413 1168 578 1249; x_wconf 86' lang='lat' dir='ltr'>portinere</span> <span class='ocrx_word' id='word_1_55' title='bbox 601 1167 763 1243; x_wconf 81' lang='lat' dir='ltr'>videntur,</span> <span class='ocrx_word' id='word_1_56' title='bbox 790 1170 847 1233; x_wconf 91' lang='lat' dir='ltr'>sed</span> <span class='ocrx_word' id='word_1_57' title='bbox 871 1169 970 1233; x_wconf 85' lang='lat' dir='ltr'>otiam</span> <span class='ocrx_word' id='word_1_58' title='bbox 1005 1169 1045 1234; x_wconf 85' lang='lat' dir='ltr'>ad</span> <span class='ocrx_word' id='word_1_59' title='bbox 1081 1169 1275 1242; x_wconf 86' lang='lat' dir='ltr'>Minervam,</span> <span class='ocrx_word' id='word_1_60' title='bbox 1313 1185 1410 1250; x_wconf 79' lang='lat' dir='ltr'>quan</span> <span class='ocrx_word' id='word_1_61' title='bbox 1433 1181 1487 1231; x_wconf 63' lang='lat' dir='ltr'>ven</span> <span class='ocrx_word' id='word_1_62' title='bbox 1520 1163 1558 1228; x_wconf 87' lang='lat' dir='ltr'>E.</span> 
     </span>
     <span class='ocr_line' id='line_1_8' title="bbox 284 1265 1558 1355; baseline -0.002 -17"><span class='ocrx_word' id='word_1_63' title='bbox 284 1275 368 1339; x_wconf 88' lang='grc'><strong>1092</strong></span> <span class='ocrx_word' id='word_1_64' title='bbox 393 1291 523 1355; x_wconf 87' lang='lat' dir='ltr'>quoque</span> <span class='ocrx_word' id='word_1_65' title='bbox 547 1278 637 1353; x_wconf 87' lang='lat' dir='ltr'>patet</span> <span class='ocrx_word' id='word_1_66' title='bbox 659 1277 812 1338; x_wconf 82' lang='lat' dir='ltr'><strong>noctuam</strong></span> <span class='ocrx_word' id='word_1_67' title='bbox 836 1272 992 1340; x_wconf 88' lang='lat' dir='ltr'>habuisse</span> <span class='ocrx_word' id='word_1_68' title='bbox 1015 1275 1052 1338; x_wconf 76' lang='lat' dir='ltr'>in</span> <span class='ocrx_word' id='word_1_69' title='bbox 1076 1274 1192 1354; x_wconf 77' lang='lat' dir='ltr'>oopite,</span> <span class='ocrx_word' id='word_1_70' title='bbox 1212 1280 1248 1338; x_wconf 91' lang='lat' dir='ltr'>ut</span> <span class='ocrx_word' id='word_1_71' title='bbox 1265 1274 1306 1340; x_wconf 88' lang='lat' dir='ltr'>ad</span> <span class='ocrx_word' id='word_1_72' title='bbox 1318 1270 1454 1346; x_wconf 74' lang='lat' dir='ltr'>vorbab</span> <span class='ocrx_word' id='word_1_73' title='bbox 1474 1265 1502 1336; x_wconf 82' lang='grc' dir='ltr'>δ’</span> <span class='ocrx_word' id='word_1_74' title='bbox 1520 1269 1558 1336; x_wconf 85' lang='grc' dir='ltr'>αὖ</span> 
     </span>
     <span class='ocr_line' id='line_1_9' title="bbox 282 1377 1559 1463; baseline -0.002 -17"><span class='ocrx_word' id='word_1_75' title='bbox 282 1383 421 1460; x_wconf 81' lang='grc' dir='ltr'>θυγάτηρ</span> <span class='ocrx_word' id='word_1_76' title='bbox 445 1377 554 1460; x_wconf 79' lang='grc' dir='ltr'>γλαῦχ’</span> <span class='ocrx_word' id='word_1_77' title='bbox 572 1379 736 1445; x_wconf 85' lang='lat' dir='ltr'>audienda</span> <span class='ocrx_word' id='word_1_78' title='bbox 754 1380 822 1446; x_wconf 83' lang='lat' dir='ltr'>sint</span> <span class='ocrx_word' id='word_1_79' title='bbox 838 1381 972 1459; x_wconf 79' lang='grc' dir='ltr'>ἕστηκεν</span> <span class='ocrx_word' id='word_1_80' title='bbox 997 1382 1120 1463; x_wconf 85' lang='grc' dir='ltr'>ἔχουσα</span> <span class='ocrx_word' id='word_1_81' title='bbox 1143 1383 1215 1446; x_wconf 87' lang='grc' dir='ltr'>ἐπὶ</span> <span class='ocrx_word' id='word_1_82' title='bbox 1237 1385 1317 1458; x_wconf 80' lang='grc' dir='ltr'>τῆς</span> <span class='ocrx_word' id='word_1_83' title='bbox 1341 1383 1559 1457; x_wconf 76' lang='grc' dir='ltr'>κεφαλῆς,</span> 
     </span>
     <span class='ocr_line' id='line_1_10' title="bbox 283 1485 1560 1571; baseline -0.003 -19"><span class='ocrx_word' id='word_1_84' title='bbox 283 1487 371 1569; x_wconf 82' lang='lat' dir='ltr'>quod</span> <span class='ocrx_word' id='word_1_85' title='bbox 405 1485 478 1553; x_wconf 84' lang='lat' dir='ltr'>fieri</span> <span class='ocrx_word' id='word_1_86' title='bbox 514 1505 581 1553; x_wconf 90' lang='lat' dir='ltr'>non</span> <span class='ocrx_word' id='word_1_87' title='bbox 617 1495 741 1570; x_wconf 83' lang='lat' dir='ltr'>posset,</span> <span class='ocrx_word' id='word_1_88' title='bbox 767 1487 795 1553; x_wconf 91' lang='lat' dir='ltr'>si</span> <span class='ocrx_word' id='word_1_89' title='bbox 819 1488 875 1553; x_wconf 84' lang='lat' dir='ltr'>Ar.</span> <span class='ocrx_word' id='word_1_90' title='bbox 902 1489 1094 1571; x_wconf 80' lang='lat' dir='ltr'>scripsisset</span> <span class='ocrx_word' id='word_1_91' title='bbox 1129 1490 1180 1555; x_wconf 80' lang='grc' dir='ltr'>ἐπὶ</span> <span class='ocrx_word' id='word_1_92' title='bbox 1212 1491 1269 1552; x_wconf 84' lang='grc' dir='ltr'>τοῦ</span> <span class='ocrx_word' id='word_1_93' title='bbox 1307 1485 1472 1564; x_wconf 76' lang='grc' dir='ltr'>σκήπτρου</span> <span class='ocrx_word' id='word_1_94' title='bbox 1508 1485 1560 1548; x_wconf 88' lang='lat' dir='ltr'>val</span> 
     </span>
     <span class='ocr_line' id='line_1_11' title="bbox 283 1590 1560 1676; baseline -0.003 -16"><span class='ocrx_word' id='word_1_95' title='bbox 283 1593 401 1662; x_wconf 80' lang='lat' dir='ltr'>similo.</span> <span class='ocrx_word' id='word_1_96' title='bbox 434 1594 539 1658; x_wconf 84' lang='lat' dir='ltr'>Recte</span> <span class='ocrx_word' id='word_1_97' title='bbox 578 1592 681 1676; x_wconf 80' lang='lat' dir='ltr'>igitur</span> <span class='ocrx_word' id='word_1_98' title='bbox 713 1593 870 1660; x_wconf 82' lang='lat' dir='ltr'>sehabet</span> <span class='ocrx_word' id='word_1_99' title='bbox 895 1595 1092 1662; x_wconf 81' lang='lat' dir='ltr'>scholiastae</span> <span class='ocrx_word' id='word_1_100' title='bbox 1129 1593 1310 1661; x_wconf 80' lang='lat' dir='ltr'>annotatio:</span> <span class='ocrx_word' id='word_1_101' title='bbox 1346 1594 1452 1669; x_wconf 78' lang='grc' dir='ltr'>ἐπειδὴ</span> <span class='ocrx_word' id='word_1_102' title='bbox 1493 1590 1560 1656; x_wconf 82' lang='grc' dir='ltr'>εἰώ-</span> 
     </span>
     <span class='ocr_line' id='line_1_12' title="bbox 282 1701 1477 1786; baseline -0.004 -18"><span class='ocrx_word' id='word_1_103' title='bbox 282 1708 385 1768; x_wconf 87' lang='grc' dir='ltr'>θεσαν</span> <span class='ocrx_word' id='word_1_104' title='bbox 407 1704 446 1766; x_wconf 89' lang='grc' dir='ltr'>τὰ</span> <span class='ocrx_word' id='word_1_105' title='bbox 470 1701 675 1780; x_wconf 82' lang='grc' dir='ltr'>ἀφιερωμένα</span> <span class='ocrx_word' id='word_1_106' title='bbox 699 1701 826 1786; x_wconf 81' lang='grc' dir='ltr'>ἑκάστῳ</span> <span class='ocrx_word' id='word_1_107' title='bbox 851 1707 915 1786; x_wconf 82' lang='grc' dir='ltr'>θεῷ</span> <span class='ocrx_word' id='word_1_108' title='bbox 939 1701 1037 1782; x_wconf 86' lang='grc' dir='ltr'>ὄρνεα</span> <span class='ocrx_word' id='word_1_109' title='bbox 1060 1704 1111 1768; x_wconf 74' lang='grc' dir='ltr'>ἐπὶ</span> <span class='ocrx_word' id='word_1_110' title='bbox 1134 1706 1278 1782; x_wconf 79' lang='grc' dir='ltr'>κεφαλῆς</span> <span class='ocrx_word' id='word_1_111' title='bbox 1300 1701 1477 1778; x_wconf 67' lang='grc' dir='ltr'>ἱδρύεσθαι</span> 
     </span>
    </p>

    <p class='ocr_par' dir='ltr' id='par_1_7' title="bbox 330 1807 878 1887">
     <span class='ocr_line' id='line_1_13' title="bbox 330 1807 878 1887; baseline -0.002 -14"><span class='ocrx_word' id='word_1_112' title='bbox 330 1807 389 1874; x_wconf 80' lang='lat' dir='ltr'>Et.</span> <span class='ocrx_word' id='word_1_113' title='bbox 414 1810 477 1872; x_wconf 90' lang='grc'>222</span> <span class='ocrx_word' id='word_1_114' title='bbox 502 1809 552 1872; x_wconf 86' lang='grc' dir='ltr'>ἐπὶ</span> <span class='ocrx_word' id='word_1_115' title='bbox 575 1811 632 1884; x_wconf 86' lang='grc' dir='ltr'>τῆς</span> <span class='ocrx_word' id='word_1_116' title='bbox 656 1830 684 1872; x_wconf 91' lang='grc' dir='ltr'>κ.</span> <span class='ocrx_word' id='word_1_117' title='bbox 709 1809 878 1887; x_wconf 86' lang='grc' dir='ltr'>φέρουσιν.</span> 
     </span>
    </p>

    <p class='ocr_par' dir='ltr' id='par_1_8' title="bbox 328 1914 1052 1994">
     <span class='ocr_line' id='line_1_14' title="bbox 328 1914 1052 1994; baseline -0.001 -16"><span class='ocrx_word' id='word_1_118' title='bbox 328 1914 378 1978; x_wconf 91' lang='lat' dir='ltr'>Pl.</span> <span class='ocrx_word' id='word_1_119' title='bbox 405 1919 493 1978; x_wconf 83' lang='grc'>1198</span> <span class='ocrx_word' id='word_1_120' title='bbox 515 1916 573 1991; x_wconf 88' lang='grc' dir='ltr'>τὰς</span> <span class='ocrx_word' id='word_1_121' title='bbox 596 1915 810 1992; x_wconf 82' lang='grc' dir='ltr'>χύτρας-ἐπὶ</span> <span class='ocrx_word' id='word_1_122' title='bbox 830 1919 886 1993; x_wconf 85' lang='grc' dir='ltr'>τῆς</span> <span class='ocrx_word' id='word_1_123' title='bbox 910 1939 939 1979; x_wconf 90' lang='grc' dir='ltr'>κ.</span> <span class='ocrx_word' id='word_1_124' title='bbox 962 1916 1052 1994; x_wconf 86' lang='grc' dir='ltr'>φέρε.</span> 
     </span>
    </p>

    <p class='ocr_par' dir='ltr' id='par_1_9' title="bbox 278 2003 1561 2424">
     <span class='ocr_line' id='line_1_15' title="bbox 327 2003 1561 2103; baseline -0.002 -17"><span class='ocrx_word' id='word_1_125' title='bbox 327 2022 470 2099; x_wconf 76' lang='grc' dir='ltr'>κλίνηι</span> <span class='ocrx_word' id='word_1_126' title='bbox 494 2019 531 2086; x_wconf 86' lang='lat' dir='ltr'>L.</span> <span class='ocrx_word' id='word_1_127' title='bbox 557 2023 620 2084; x_wconf 82' lang='lat'>575</span> <span class='ocrx_word' id='word_1_128' title='bbox 646 2008 771 2103; x_wconf 65' lang='grc' dir='ltr'>(ποορ.)</span> <span class='ocrx_word' id='word_1_129' title='bbox 795 2023 830 2086; x_wconf 86' lang='grc' dir='ltr'>ἐκ</span> <span class='ocrx_word' id='word_1_130' title='bbox 853 2027 910 2100; x_wconf 87' lang='grc' dir='ltr'>τῆς</span> <span class='ocrx_word' id='word_1_131' title='bbox 933 2023 1059 2101; x_wconf 86' lang='grc' dir='ltr'>πόλεως</span> <span class='ocrx_word' id='word_1_132' title='bbox 1083 2023 1133 2088; x_wconf 85' lang='grc' dir='ltr'>ἐπὶ</span> <span class='ocrx_word' id='word_1_133' title='bbox 1150 2003 1468 2101; x_wconf 77' lang='grc' dir='ltr'>κλίνηςέκραβδὶζειν</span> <span class='ocrx_word' id='word_1_134' title='bbox 1485 2021 1561 2096; x_wconf 87' lang='grc' dir='ltr'>τοὺς</span> 
     </span>
     <span class='ocr_line' id='line_1_16' title="bbox 283 2126 1560 2210; baseline -0.003 -16"><span class='ocrx_word' id='word_1_135' title='bbox 283 2129 475 2208; x_wconf 82' lang='grc' dir='ltr'>μοχθηρούς,</span> <span class='ocrx_word' id='word_1_136' title='bbox 499 2128 625 2209; x_wconf 83' lang='lat' dir='ltr'>dequo</span> <span class='ocrx_word' id='word_1_137' title='bbox 649 2128 721 2194; x_wconf 85' lang='lat' dir='ltr'>loco</span> <span class='ocrx_word' id='word_1_138' title='bbox 745 2129 818 2193; x_wconf 87' lang='lat' dir='ltr'>vide</span> <span class='ocrx_word' id='word_1_139' title='bbox 841 2147 925 2209; x_wconf 84' lang='lat' dir='ltr'>quae</span> <span class='ocrx_word' id='word_1_140' title='bbox 965 2129 1156 2194; x_wconf 83' lang='lat' dir='ltr'>Mainakeus</span> <span class='ocrx_word' id='word_1_141' title='bbox 1191 2129 1225 2194; x_wconf 92' lang='lat' dir='ltr'>in</span> <span class='ocrx_word' id='word_1_142' title='bbox 1260 2126 1349 2194; x_wconf 85' lang='lat' dir='ltr'>Corn.</span> <span class='ocrx_word' id='word_1_143' title='bbox 1374 2127 1506 2210; x_wconf 84' lang='lat' dir='ltr'>Fragm.</span> <span class='ocrx_word' id='word_1_144' title='bbox 1532 2131 1560 2204; x_wconf 85' lang='grc'><strong>2,</strong></span> 
     </span>
     <span class='ocr_line' id='line_1_17' title="bbox 283 2233 1205 2316; baseline 0 -14"><span class='ocrx_word' id='word_1_145' title='bbox 283 2256 316 2316; x_wconf 67' lang='lat' dir='ltr'>pr</span> <span class='ocrx_word' id='word_1_146' title='bbox 341 2237 404 2300; x_wconf 79' lang='grc'><strong>273</strong></span> <span class='ocrx_word' id='word_1_147' title='bbox 428 2235 609 2300; x_wconf 81' lang='lat' dir='ltr'>annotavit.</span> <span class='ocrx_word' id='word_1_148' title='bbox 635 2238 699 2300; x_wconf 79' lang='lat'>732</span> <span class='ocrx_word' id='word_1_149' title='bbox 724 2233 935 2302; x_wconf 81' lang='grc' dir='ltr'>διαπετάσασ’</span> <span class='ocrx_word' id='word_1_150' title='bbox 960 2237 1010 2302; x_wconf 83' lang='grc' dir='ltr'>ἐπὶ</span> <span class='ocrx_word' id='word_1_151' title='bbox 1032 2242 1089 2314; x_wconf 86' lang='grc' dir='ltr'>τῆς</span> <span class='ocrx_word' id='word_1_152' title='bbox 1113 2241 1159 2302; x_wconf 91' lang='grc' dir='ltr'>κλ.</span> <span class='ocrx_word' id='word_1_153' title='bbox 1202 2255 1205 2260; x_wconf 90' lang='grc'><em>·</em></span> 
     </span>
     <span class='ocr_line' id='line_1_18' title="bbox 278 2342 1228 2424; baseline -0.002 -16"><span class='ocrx_word' id='word_1_154' title='bbox 278 2389 288 2398; x_wconf 81' lang='grc'><strong>-</strong></span> <span class='ocrx_word' id='word_1_155' title='bbox 326 2342 384 2408; x_wconf 83' lang='grc' dir='ltr'>Εσ.</span> <span class='ocrx_word' id='word_1_156' title='bbox 410 2345 473 2406; x_wconf 90' lang='grc'>909</span> <span class='ocrx_word' id='word_1_157' title='bbox 498 2342 583 2424; x_wconf 77' lang='lat' dir='ltr'>(lyr.)</span> <span class='ocrx_word' id='word_1_158' title='bbox 611 2344 685 2406; x_wconf 86' lang='grc' dir='ltr'>κάπὶ</span> <span class='ocrx_word' id='word_1_159' title='bbox 707 2347 764 2421; x_wconf 85' lang='grc' dir='ltr'>τῇς</span> <span class='ocrx_word' id='word_1_160' title='bbox 789 2347 835 2407; x_wconf 88' lang='grc' dir='ltr'>κλ.</span> <span class='ocrx_word' id='word_1_161' title='bbox 861 2343 937 2421; x_wconf 90' lang='grc' dir='ltr'>ὄφιν</span> <span class='ocrx_word' id='word_1_162' title='bbox 960 2345 1087 2422; x_wconf 88' lang='grc' dir='ltr'>ψυχρὸν</span> <span class='ocrx_word' id='word_1_163' title='bbox 1111 2344 1228 2421; x_wconf 82' lang='grc' dir='ltr'>εὕροις.</span> 
     </span>
    </p>

    <p class='ocr_par' dir='ltr' id='par_1_10' title="bbox 283 2449 1561 2639">
     <span class='ocr_line' id='line_1_19' title="bbox 303 2449 1561 2532; baseline -0.003 -16"><span class='ocrx_word' id='word_1_164' title='bbox 303 2450 472 2516; x_wconf 67' lang='lat' dir='ltr'>¹tribou:</span> <span class='ocrx_word' id='word_1_165' title='bbox 497 2449 535 2514; x_wconf 87' lang='lat' dir='ltr'>N.</span> <span class='ocrx_word' id='word_1_166' title='bbox 561 2452 644 2514; x_wconf 87' lang='grc'><strong>1431</strong></span> <span class='ocrx_word' id='word_1_167' title='bbox 672 2449 816 2532; x_wconf 82' lang='lat' dir='ltr'>(tetram.</span> <span class='ocrx_word' id='word_1_168' title='bbox 842 2450 1053 2532; x_wconf 59' lang='lat' dir='ltr'>innotatur</span> <span class='ocrx_word' id='word_1_169' title='bbox 1073 2452 1172 2516; x_wconf 79' lang='grc' dir='ltr'>Ιξύλου</span> <span class='ocrx_word' id='word_1_170' title='bbox 1198 2450 1369 2528; x_wconf 80' lang='grc' dir='ltr'>καθεύδεις,</span> <span class='ocrx_word' id='word_1_171' title='bbox 1394 2450 1450 2516; x_wconf 85' lang='lat' dir='ltr'>ubi</span> <span class='ocrx_word' id='word_1_172' title='bbox 1474 2449 1508 2516; x_wconf 88' lang='lat' dir='ltr'>in</span> <span class='ocrx_word' id='word_1_173' title='bbox 1534 2450 1561 2512; x_wconf 91' lang='lat' dir='ltr'><strong>R</strong></span> 
     </span>
     <span class='ocr_line' id='line_1_20' title="bbox 283 2556 868 2639; baseline 0 -17"><span class='ocrx_word' id='word_1_174' title='bbox 283 2557 352 2622; x_wconf 89' lang='lat' dir='ltr'>sine</span> <span class='ocrx_word' id='word_1_175' title='bbox 377 2576 475 2622; x_wconf 88' lang='lat' dir='ltr'>sensu</span> <span class='ocrx_word' id='word_1_176' title='bbox 500 2556 620 2639; x_wconf 85' lang='lat' dir='ltr'>legitur</span> <span class='ocrx_word' id='word_1_177' title='bbox 644 2557 718 2620; x_wconf 89' lang='grc' dir='ltr'>κάπὶ</span> <span class='ocrx_word' id='word_1_178' title='bbox 747 2562 868 2622; x_wconf 81' lang='grc' dir='ltr'>πλεῖον.</span> 
     </span>
    </p>

    <p class='ocr_par' dir='ltr' id='par_1_11' title="bbox 326 2663 1254 2742">
     <span class='ocr_line' id='line_1_21' title="bbox 326 2663 1254 2742; baseline 0.002 -18"><span class='ocrx_word' id='word_1_179' title='bbox 326 2663 367 2726; x_wconf 87' lang='lat' dir='ltr'>V.</span> <span class='ocrx_word' id='word_1_180' title='bbox 391 2667 433 2728; x_wconf 82' lang='lat'>90</span> <span class='ocrx_word' id='word_1_181' title='bbox 457 2665 497 2741; x_wconf 82' lang='grc' dir='ltr'>ἢν</span> <span class='ocrx_word' id='word_1_182' title='bbox 520 2666 559 2742; x_wconf 88' lang='grc' dir='ltr'>μὴ</span> <span class='ocrx_word' id='word_1_183' title='bbox 583 2665 628 2726; x_wconf 86' lang='grc' dir='ltr'>’πὶ</span> <span class='ocrx_word' id='word_1_184' title='bbox 651 2667 707 2729; x_wconf 83' lang='grc' dir='ltr'>τοῦ</span> <span class='ocrx_word' id='word_1_185' title='bbox 732 2665 862 2742; x_wconf 87' lang='grc' dir='ltr'>πρώτου</span> <span class='ocrx_word' id='word_1_186' title='bbox 897 2663 1187 2742; x_wconf 81' lang='grc' dir='ltr'>καθίζηται·ξύλου.</span> <span class='ocrx_word' id='word_1_187' title='bbox 1250 2727 1254 2734; x_wconf 78' lang='grc'>,</span> 
     </span>
    </p>

    <p class='ocr_par' dir='ltr' id='par_1_12' title="bbox 285 2768 1562 2957">
     <span class='ocr_line' id='line_1_22' title="bbox 328 2768 1562 2849; baseline -0.002 -13"><span class='ocrx_word' id='word_1_188' title='bbox 328 2773 482 2849; x_wconf 76' lang='grc' dir='ltr'>πέτραι</span> <span class='ocrx_word' id='word_1_189' title='bbox 506 2770 546 2834; x_wconf 87' lang='grc' dir='ltr'>Ε.</span> <span class='ocrx_word' id='word_1_190' title='bbox 572 2773 636 2834; x_wconf 81' lang='grc'>754</span> <span class='ocrx_word' id='word_1_191' title='bbox 662 2768 862 2836; x_wconf 84' lang='grc' dir='ltr'>ὅταν-ἐττὶ</span> <span class='ocrx_word' id='word_1_192' title='bbox 898 2774 1032 2849; x_wconf 88' lang='grc' dir='ltr'>ταυτησὶ</span> <span class='ocrx_word' id='word_1_193' title='bbox 1062 2774 1195 2847; x_wconf 82' lang='grc' dir='ltr'>καθῆται</span> <span class='ocrx_word' id='word_1_194' title='bbox 1225 2775 1282 2848; x_wconf 84' lang='grc' dir='ltr'>τῆς</span> <span class='ocrx_word' id='word_1_195' title='bbox 1316 2793 1349 2834; x_wconf 88' lang='grc' dir='ltr'>π.</span> <span class='ocrx_word' id='word_1_196' title='bbox 1375 2773 1438 2836; x_wconf 80' lang='grc'>953</span> <span class='ocrx_word' id='word_1_197' title='bbox 1463 2771 1562 2847; x_wconf 83' lang='grc' dir='ltr'>λάρος</span> 
     </span>
     <span class='ocr_line' id='line_1_23' title="bbox 285 2879 869 2957; baseline -0.007 -15"><span class='ocrx_word' id='word_1_198' title='bbox 285 2880 427 2957; x_wconf 86' lang='grc' dir='ltr'>κεχηνὼς</span> <span class='ocrx_word' id='word_1_199' title='bbox 451 2879 502 2942; x_wconf 84' lang='grc' dir='ltr'>ἐπὶ</span> <span class='ocrx_word' id='word_1_200' title='bbox 524 2879 643 2954; x_wconf 85' lang='grc' dir='ltr'>πέτρας</span> <span class='ocrx_word' id='word_1_201' title='bbox 666 2881 869 2956; x_wconf 83' lang='grc' dir='ltr'>δημηγορῶν.</span> 
     </span>
    </p>

    <p class='ocr_par' dir='ltr' id='par_1_13' title="bbox 331 2983 838 3062">
     <span class='ocr_line' id='line_1_24' title="bbox 331 2983 838 3062; baseline -0.004 -14"><span class='ocrx_word' id='word_1_202' title='bbox 331 2983 394 3050; x_wconf 90' lang='grc' dir='ltr'>Αν.</span> <span class='ocrx_word' id='word_1_203' title='bbox 418 2986 482 3048; x_wconf 84' lang='grc'>836</span> <span class='ocrx_word' id='word_1_204' title='bbox 508 2983 606 3048; x_wconf 86' lang='grc' dir='ltr'>οἰκεῖν</span> <span class='ocrx_word' id='word_1_205' title='bbox 629 2984 679 3047; x_wconf 83' lang='grc' dir='ltr'>ἐπὶ</span> <span class='ocrx_word' id='word_1_206' title='bbox 702 2989 838 3062; x_wconf 87' lang='grc' dir='ltr'>πετρῶν.</span> 
     </span>
    </p>

    <p class='ocr_par' dir='ltr' id='par_1_14' title="bbox 330 3089 975 3168">
     <span class='ocr_line' id='line_1_25' title="bbox 330 3089 975 3168; baseline 0 -14"><span class='ocrx_word' id='word_1_207' title='bbox 330 3092 477 3167; x_wconf 69' lang='grc' dir='ltr'>τέγος</span> <span class='ocrx_word' id='word_1_208' title='bbox 501 3089 538 3154; x_wconf 88' lang='lat' dir='ltr'>N.</span> <span class='ocrx_word' id='word_1_209' title='bbox 566 3093 649 3154; x_wconf 82' lang='lat'>1502</span> <span class='ocrx_word' id='word_1_210' title='bbox 676 3091 749 3156; x_wconf 84' lang='grc' dir='ltr'>οὑπὶ</span> <span class='ocrx_word' id='word_1_211' title='bbox 772 3094 829 3154; x_wconf 81' lang='grc' dir='ltr'>τοῦ</span> <span class='ocrx_word' id='word_1_212' title='bbox 853 3092 975 3168; x_wconf 87' lang='grc' dir='ltr'>τέγους.</span> 
     </span>
    </p>

    <p class='ocr_par' dir='ltr' id='par_1_15' title="bbox 329 3197 869 3274">
     <span class='ocr_line' id='line_1_26' title="bbox 329 3197 869 3274; baseline -0.004 -14"><span class='ocrx_word' id='word_1_213' title='bbox 329 3197 368 3260; x_wconf 85' lang='lat' dir='ltr'>V.</span> <span class='ocrx_word' id='word_1_214' title='bbox 394 3201 434 3260; x_wconf 84' lang='lat'>68</span> <span class='ocrx_word' id='word_1_215' title='bbox 459 3197 740 3274; x_wconf 81' lang='grc' dir='ltr'>δεσπότης-οὑπὶ</span> <span class='ocrx_word' id='word_1_216' title='bbox 761 3201 818 3262; x_wconf 84' lang='grc' dir='ltr'>τοῦ</span> <span class='ocrx_word' id='word_1_217' title='bbox 843 3220 869 3262; x_wconf 91' lang='grc' dir='ltr'>τ.</span> 
     </span>
    </p>

    <p class='ocr_par' dir='ltr' id='par_1_16' title="bbox 284 3301 1561 3493">
     <span class='ocr_line' id='line_1_27' title="bbox 329 3301 1561 3382; baseline -0.002 -14"><span class='ocrx_word' id='word_1_218' title='bbox 329 3301 365 3368; x_wconf 91' lang='lat' dir='ltr'>L.</span> <span class='ocrx_word' id='word_1_219' title='bbox 391 3305 453 3368; x_wconf 86' lang='grc'>389</span> <span class='ocrx_word' id='word_1_220' title='bbox 478 3301 871 3380; x_wconf 52' lang='grc' dir='ltr'>ὁν-ἀδωνιασμὸςα-οὑπὶ</span> <span class='ocrx_word' id='word_1_221' title='bbox 893 3309 959 3368; x_wconf 85' lang='grc' dir='ltr'>τῶν</span> <span class='ocrx_word' id='word_1_222' title='bbox 980 3309 1091 3380; x_wconf 82' lang='grc' dir='ltr'>τεγῶν.</span> <span class='ocrx_word' id='word_1_223' title='bbox 1117 3306 1182 3370; x_wconf 82' lang='grc'>395</span> <span class='ocrx_word' id='word_1_224' title='bbox 1204 3303 1223 3378; x_wconf 87' lang='grc' dir='ltr'>ὴ</span> <span class='ocrx_word' id='word_1_225' title='bbox 1249 3305 1328 3382; x_wconf 84' lang='grc' dir='ltr'>γυνὴ</span> <span class='ocrx_word' id='word_1_226' title='bbox 1365 3301 1408 3370; x_wconf 86' lang='grc' dir='ltr'>’πὶ</span> <span class='ocrx_word' id='word_1_227' title='bbox 1431 3306 1489 3368; x_wconf 83' lang='grc' dir='ltr'>τοῦ</span> <span class='ocrx_word' id='word_1_228' title='bbox 1514 3304 1561 3366; x_wconf 64' lang='lat' dir='ltr'>ub</span> 
     </span>
     <span class='ocr_line' id='line_1_28' title="bbox 284 3409 1560 3493; baseline 0 -19"><span class='ocrx_word' id='word_1_229' title='bbox 284 3422 374 3489; x_wconf 85' lang='grc' dir='ltr'>γους,</span> <span class='ocrx_word' id='word_1_230' title='bbox 397 3410 454 3475; x_wconf 90' lang='lat' dir='ltr'>ubi</span> <span class='ocrx_word' id='word_1_231' title='bbox 477 3415 569 3476; x_wconf 84' lang='lat' dir='ltr'>rente</span> <span class='ocrx_word' id='word_1_232' title='bbox 594 3409 822 3476; x_wconf 85' lang='lat' dir='ltr'>Baehmannus</span> <span class='ocrx_word' id='word_1_233' title='bbox 847 3410 892 3493; x_wconf 86' lang='lat' dir='ltr'>(p.</span> <span class='ocrx_word' id='word_1_234' title='bbox 918 3412 973 3493; x_wconf 74' lang='lat'>24)</span> <span class='ocrx_word' id='word_1_235' title='bbox 1002 3415 1036 3478; x_wconf 91' lang='lat' dir='ltr'>et</span> <span class='ocrx_word' id='word_1_236' title='bbox 1071 3410 1275 3492; x_wconf 69' lang='lat' dir='ltr'>Biaydesiua</span> <span class='ocrx_word' id='word_1_237' title='bbox 1312 3409 1425 3478; x_wconf 82' lang='lat' dir='ltr'>uerbis·</span> <span class='ocrx_word' id='word_1_238' title='bbox 1454 3414 1560 3474; x_wconf 87' lang='lat' dir='ltr'>trans-</span> 
     </span>
    </p>
   </div>
   <div class='ocr_carea' id='block_1_7' title="bbox 285 3499 1663 3597">
    <p class='ocr_par' dir='ltr' id='par_1_17' title="bbox 285 3499 1663 3597">
     <span class='ocr_line' id='line_1_29' title="bbox 285 3499 1663 3597; baseline 0 -17"><span class='ocrx_word' id='word_1_239' title='bbox 285 3516 412 3597; x_wconf 84' lang='lat' dir='ltr'>positis,</span> <span class='ocrx_word' id='word_1_240' title='bbox 438 3516 647 3584; x_wconf 86' lang='lat' dir='ltr'>scribendum</span> <span class='ocrx_word' id='word_1_241' title='bbox 671 3516 849 3592; x_wconf 76' lang='lat' dir='ltr'>consentu</span> <span class='ocrx_word' id='word_1_242' title='bbox 888 3513 931 3583; x_wconf 83' lang='lat' dir='ltr'>’ui</span> <span class='ocrx_word' id='word_1_243' title='bbox 966 3521 1023 3584; x_wconf 76' lang='grc' dir='ltr'>τοῦ</span> <span class='ocrx_word' id='word_1_244' title='bbox 1059 3539 1085 3581; x_wconf 91' lang='grc' dir='ltr'>τ.</span> <span class='ocrx_word' id='word_1_245' title='bbox 1113 3519 1213 3596; x_wconf 45' lang='grc' dir='ltr'>Ὶγυνή.</span> <span class='ocrx_word' id='word_1_246' title='bbox 1249 3515 1296 3584; x_wconf 85' lang='lat' dir='ltr'>uf.</span> <span class='ocrx_word' id='word_1_247' title='bbox 1333 3518 1432 3584; x_wconf 84' lang='lat' dir='ltr'>Mein.</span> <span class='ocrx_word' id='word_1_248' title='bbox 1468 3516 1561 3582; x_wconf 88' lang='lat' dir='ltr'>Vind.</span> <span class='ocrx_word' id='word_1_249' title='bbox 1662 3499 1663 3510; x_wconf 38' lang='lat'>¹</span> 
     </span>
    </p>
   </div>
   <div class='ocr_carea' id='block_1_8' title="bbox 285 3629 1562 4241">
    <p class='ocr_par' dir='ltr' id='par_1_18' title="bbox 285 3629 418 3703">
     <span class='ocr_line' id='line_1_30' title="bbox 285 3629 418 3703; baseline 0.015 -19"><span class='ocrx_word' id='word_1_250' title='bbox 285 3639 318 3703; x_wconf 88' lang='lat' dir='ltr'>p.</span> <span class='ocrx_word' id='word_1_251' title='bbox 345 3629 418 3686; x_wconf 82' lang='grc'><strong>124.</strong></span> 
     </span>
    </p>

    <p class='ocr_par' dir='ltr' id='par_1_19' title="bbox 329 3728 1278 3812">
     <span class='ocr_line' id='line_1_31' title="bbox 329 3728 1278 3812; baseline 0 -19"><span class='ocrx_word' id='word_1_252' title='bbox 329 3728 382 3794; x_wconf 88' lang='lat' dir='ltr'>Fr.</span> <span class='ocrx_word' id='word_1_253' title='bbox 410 3735 446 3794; x_wconf 93' lang='lat'>11</span> <span class='ocrx_word' id='word_1_254' title='bbox 473 3729 561 3812; x_wconf 79' lang='lat' dir='ltr'>(lyr.)</span> <span class='ocrx_word' id='word_1_255' title='bbox 586 3729 660 3794; x_wconf 87' lang='grc' dir='ltr'>κάπὶ</span> <span class='ocrx_word' id='word_1_256' title='bbox 682 3731 806 3808; x_wconf 84' lang='grc' dir='ltr'>τέγους.</span> <span class='ocrx_word' id='word_1_257' title='bbox 1276 3764 1278 3773; x_wconf 70' lang='lat'><em>,</em></span> 
     </span>
    </p>

    <p class='ocr_par' dir='ltr' id='par_1_20' title="bbox 285 3836 1562 4241">
     <span class='ocr_line' id='line_1_32' title="bbox 330 3836 1561 3921; baseline -0.003 -19"><span class='ocrx_word' id='word_1_258' title='bbox 330 3838 541 3916; x_wconf 72' lang='grc' dir='ltr'>τράπεζαι</span> <span class='ocrx_word' id='word_1_259' title='bbox 565 3838 603 3904; x_wconf 87' lang='grc' dir='ltr'>Α.</span> <span class='ocrx_word' id='word_1_260' title='bbox 630 3839 715 3906; x_wconf 77' lang='lat'>1158</span> <span class='ocrx_word' id='word_1_261' title='bbox 740 3837 828 3921; x_wconf 84' lang='lat' dir='ltr'>(lyr.)</span> <span class='ocrx_word' id='word_1_262' title='bbox 853 3839 904 3906; x_wconf 84' lang='grc' dir='ltr'>ἐπὶ</span> <span class='ocrx_word' id='word_1_263' title='bbox 925 3839 1081 3917; x_wconf 79' lang='grc' dir='ltr'>τραπέζης</span> <span class='ocrx_word' id='word_1_264' title='bbox 1104 3839 1237 3916; x_wconf 83' lang='grc' dir='ltr'>κειμένη,</span> <span class='ocrx_word' id='word_1_265' title='bbox 1274 3837 1328 3901; x_wconf 91' lang='lat' dir='ltr'>ubi</span> <span class='ocrx_word' id='word_1_266' title='bbox 1352 3843 1462 3903; x_wconf 84' lang='lat' dir='ltr'>tamen</span> <span class='ocrx_word' id='word_1_267' title='bbox 1486 3836 1561 3902; x_wconf 86' lang='lat' dir='ltr'>libri</span> 
     </span>
     <span class='ocr_line' id='line_1_33' title="bbox 285 3942 1559 4033; baseline -0.003 -21"><span class='ocrx_word' id='word_1_268' title='bbox 285 3944 494 4022; x_wconf 85' lang='lat' dir='ltr'>dissentiunt,</span> <span class='ocrx_word' id='word_1_269' title='bbox 531 3945 604 4008; x_wconf 86' lang='lat' dir='ltr'>aliis</span> <span class='ocrx_word' id='word_1_270' title='bbox 639 3951 672 4009; x_wconf 90' lang='lat' dir='ltr'>et</span> <span class='ocrx_word' id='word_1_271' title='bbox 694 3942 796 4009; x_wconf 87' lang='lat' dir='ltr'>Suida</span> <span class='ocrx_word' id='word_1_272' title='bbox 818 3945 1016 4026; x_wconf 81' lang='lat' dir='ltr'>genetivum,</span> <span class='ocrx_word' id='word_1_273' title='bbox 1042 3945 1118 4010; x_wconf 85' lang='lat' dir='ltr'>aliis</span> <span class='ocrx_word' id='word_1_274' title='bbox 1140 3945 1188 4025; x_wconf 92' lang='lat' dir='ltr'>(in</span> <span class='ocrx_word' id='word_1_275' title='bbox 1212 3943 1331 4033; x_wconf 86' lang='lat' dir='ltr'>quibus</span> <span class='ocrx_word' id='word_1_276' title='bbox 1362 3943 1455 4024; x_wconf 83' lang='lat' dir='ltr'>Rau.)</span> <span class='ocrx_word' id='word_1_277' title='bbox 1477 3944 1559 4008; x_wconf 89' lang='lat' dir='ltr'>dati·</span> 
     </span>
     <span class='ocr_line' id='line_1_34' title="bbox 286 4046 1562 4134; baseline -0.002 -16"><span class='ocrx_word' id='word_1_278' title='bbox 286 4071 362 4118; x_wconf 86' lang='lat' dir='ltr'>vum</span> <span class='ocrx_word' id='word_1_279' title='bbox 385 4051 633 4134; x_wconf 82' lang='lat' dir='ltr'>praebentibus.</span> <span class='ocrx_word' id='word_1_280' title='bbox 659 4051 805 4129; x_wconf 84' lang='lat' dir='ltr'>Quorum</span> <span class='ocrx_word' id='word_1_281' title='bbox 830 4069 906 4117; x_wconf 85' lang='lat' dir='ltr'>oum</span> <span class='ocrx_word' id='word_1_282' title='bbox 928 4056 1081 4118; x_wconf 87' lang='lat' dir='ltr'>neutrum</span> <span class='ocrx_word' id='word_1_283' title='bbox 1105 4069 1165 4132; x_wconf 90' lang='lat' dir='ltr'>pro</span> <span class='ocrx_word' id='word_1_284' title='bbox 1191 4055 1282 4116; x_wconf 30' lang='lat' dir='ltr'>*corto</span> <span class='ocrx_word' id='word_1_285' title='bbox 1307 4046 1466 4116; x_wconf 83' lang='lat' dir='ltr'>affirmari</span> <span class='ocrx_word' id='word_1_286' title='bbox 1489 4069 1562 4131; x_wconf 88' lang='lat' dir='ltr'>pos·</span> 
     </span>
     <span class='ocr_line' id='line_1_35' title="bbox 285 4154 1561 4241; baseline -0.003 -15"><span class='ocrx_word' id='word_1_287' title='bbox 285 4160 338 4236; x_wconf 89' lang='lat' dir='ltr'>sit,</span> <span class='ocrx_word' id='word_1_288' title='bbox 355 4159 467 4224; x_wconf 88' lang='lat' dir='ltr'>malim</span> <span class='ocrx_word' id='word_1_289' title='bbox 483 4159 639 4234; x_wconf 85' lang='lat' dir='ltr'>dativum,</span> <span class='ocrx_word' id='word_1_290' title='bbox 658 4159 779 4241; x_wconf 89' lang='lat' dir='ltr'>quippe</span> <span class='ocrx_word' id='word_1_291' title='bbox 797 4159 854 4239; x_wconf 85' lang='lat' dir='ltr'>qui</span> <span class='ocrx_word' id='word_1_292' title='bbox 871 4163 905 4224; x_wconf 90' lang='lat' dir='ltr'>et</span> <span class='ocrx_word' id='word_1_293' title='bbox 921 4157 1037 4239; x_wconf 89' lang='lat' dir='ltr'>optimi</span> <span class='ocrx_word' id='word_1_294' title='bbox 1061 4159 1191 4224; x_wconf 79' lang='lat' dir='ltr'>codicis</span> <span class='ocrx_word' id='word_1_295' title='bbox 1208 4154 1405 4224; x_wconf 81' lang='lat' dir='ltr'>auctoritate</span> <span class='ocrx_word' id='word_1_296' title='bbox 1428 4157 1561 4230; x_wconf 73' lang='lat' dir='ltr'>nitatur,</span> 
     </span>
    </p>
   </div>
   <div class='ocr_carea' id='block_1_9' title="bbox 169 4265 1562 4349">
    <p class='ocr_par' dir='ltr' id='par_1_21' title="bbox 169 4265 1562 4349">
     <span class='ocr_line' id='line_1_36' title="bbox 169 4265 1562 4349; baseline -0.005 -16"><span class='ocrx_word' id='word_1_297' title='bbox 169 4289 175 4300; x_wconf 84' lang='grc'><em>’</em></span> <span class='ocrx_word' id='word_1_298' title='bbox 286 4274 320 4333; x_wconf 86' lang='lat' dir='ltr'>et</span> <span class='ocrx_word' id='word_1_299' title='bbox 344 4268 384 4332; x_wconf 90' lang='lat' dir='ltr'>ab</span> <span class='ocrx_word' id='word_1_300' title='bbox 401 4275 472 4331; x_wconf 88' lang='lat' dir='ltr'>arte</span> <span class='ocrx_word' id='word_1_301' title='bbox 495 4266 767 4349; x_wconf 83' lang='lat' dir='ltr'>palaeographioa</span> <span class='ocrx_word' id='word_1_302' title='bbox 792 4265 1049 4331; x_wconf 87' lang='lat' dir='ltr'>commendetur:</span> <span class='ocrx_word' id='word_1_303' title='bbox 1074 4285 1148 4331; x_wconf 88' lang='lat' dir='ltr'>nam</span> <span class='ocrx_word' id='word_1_304' title='bbox 1171 4265 1329 4344; x_wconf 85' lang='grc' dir='ltr'>τραπέζης</span> <span class='ocrx_word' id='word_1_305' title='bbox 1354 4280 1393 4326; x_wconf 87' lang='lat' dir='ltr'>ex</span> <span class='ocrx_word' id='word_1_306' title='bbox 1415 4265 1562 4342; x_wconf 83' lang='grc' dir='ltr'>τραπέῑηι</span> 
     </span>
    </p>
   </div>
   <div class='ocr_carea' id='block_1_10' title="bbox 286 4375 1562 4775">
    <p class='ocr_par' dir='ltr' id='par_1_22' title="bbox 286 4375 1562 4775">
     <span class='ocr_line' id='line_1_37' title="bbox 286 4375 780 4457; baseline -0.004 -16"><span class='ocrx_word' id='word_1_307' title='bbox 286 4381 394 4441; x_wconf 90' lang='lat' dir='ltr'>ortum</span> <span class='ocrx_word' id='word_1_308' title='bbox 419 4393 493 4442; x_wconf 89' lang='lat' dir='ltr'>esse</span> <span class='ocrx_word' id='word_1_309' title='bbox 526 4375 694 4457; x_wconf 84' lang='lat' dir='ltr'>probabile</span> <span class='ocrx_word' id='word_1_310' title='bbox 719 4381 780 4440; x_wconf 90' lang='lat' dir='ltr'>est.</span> 
     </span>
     <span class='ocr_line' id='line_1_38' title="bbox 329 4477 1457 4564; baseline -0.006 -18"><span class='ocrx_word' id='word_1_311' title='bbox 329 4481 368 4546; x_wconf 82' lang='lat' dir='ltr'>E.</span> <span class='ocrx_word' id='word_1_312' title='bbox 393 4484 456 4545; x_wconf 78' lang='lat'>771</span> <span class='ocrx_word' id='word_1_313' title='bbox 482 4481 606 4564; x_wconf 87' lang='lat' dir='ltr'>(anap.)</span> <span class='ocrx_word' id='word_1_314' title='bbox 631 4482 680 4545; x_wconf 84' lang='grc' dir='ltr'>ἐπὶ</span> <span class='ocrx_word' id='word_1_315' title='bbox 704 4483 837 4559; x_wconf 82' lang='grc' dir='ltr'>ταυτησὶ</span> <span class='ocrx_word' id='word_1_316' title='bbox 861 4482 976 4562; x_wconf 71' lang='grc' dir='ltr'>(ετῆς</span> <span class='ocrx_word' id='word_1_317' title='bbox 998 4477 1174 4564; x_wconf 82' lang='grc' dir='ltr'>τραπέζης)</span> <span class='ocrx_word' id='word_1_318' title='bbox 1194 4477 1457 4556; x_wconf 78' lang='grc' dir='ltr'>κατακνησθείην.</span> 
     </span>
     <span class='ocr_line' id='line_1_39' title="bbox 329 4581 1562 4668; baseline -0.009 -15"><span class='ocrx_word' id='word_1_319' title='bbox 329 4589 511 4668; x_wconf 77' lang='grc' dir='ltr'>τροχός</span> <span class='ocrx_word' id='word_1_320' title='bbox 535 4587 572 4652; x_wconf 89' lang='grc' dir='ltr'>Ρ.</span> <span class='ocrx_word' id='word_1_321' title='bbox 597 4590 660 4651; x_wconf 85' lang='grc'><strong>452</strong></span> <span class='ocrx_word' id='word_1_322' title='bbox 687 4589 736 4651; x_wconf 83' lang='grc' dir='ltr'>ἐπὶ</span> <span class='ocrx_word' id='word_1_323' title='bbox 758 4590 816 4651; x_wconf 83' lang='grc' dir='ltr'>τοῦ</span> <span class='ocrx_word' id='word_1_324' title='bbox 840 4607 886 4665; x_wconf 91' lang='grc' dir='ltr'>τρ.</span> <span class='ocrx_word' id='word_1_325' title='bbox 901 4621 944 4634; x_wconf 91' lang='grc'>-</span> <span class='ocrx_word' id='word_1_326' title='bbox 959 4587 1096 4651; x_wconf 78' lang='grc' dir='ltr'>ἕλκοιτοε</span> <span class='ocrx_word' id='word_1_327' title='bbox 1125 4607 1155 4651; x_wconf 91' lang='grc' dir='ltr'>ν.</span> <span class='ocrx_word' id='word_1_328' title='bbox 1178 4583 1286 4648; x_wconf 87' lang='lat' dir='ltr'>Richii</span> <span class='ocrx_word' id='word_1_329' title='bbox 1310 4581 1453 4648; x_wconf 83' lang='lat' dir='ltr'>Lexioon</span> <span class='ocrx_word' id='word_1_330' title='bbox 1478 4581 1511 4646; x_wconf 88' lang='lat' dir='ltr'>iu</span> <span class='ocrx_word' id='word_1_331' title='bbox 1534 4599 1562 4642; x_wconf 89' lang='grc' dir='ltr'>ν.</span> 
     </span>
     <span class='ocr_line' id='line_1_40' title="bbox 286 4679 1523 4775; baseline -0.005 -16"><span class='ocrx_word' id='word_1_332' title='bbox 286 4695 372 4760; x_wconf 78' lang='lat' dir='ltr'>Rota</span> <span class='ocrx_word' id='word_1_333' title='bbox 396 4713 430 4775; x_wconf 91' lang='grc' dir='ltr'>ρ.</span> <span class='ocrx_word' id='word_1_334' title='bbox 454 4696 528 4771; x_wconf 82' lang='lat'><strong>525,</strong></span> <span class='ocrx_word' id='word_1_335' title='bbox 554 4698 585 4758; x_wconf 89' lang='lat'>3.</span> <span class='ocrx_word' id='word_1_336' title='bbox 1522 4679 1523 4683; x_wconf 69' lang='lat'><em>&#39;</em></span> 
     </span>
    </p>
   </div>
   <div class='ocr_carea' id='block_1_11' title="bbox 0 0 1686 5364">
    <p class='ocr_par' dir='ltr' id='par_1_23' title="bbox 0 0 1686 5364">
     <span class='ocr_line' id='line_1_41' title="bbox 0 0 1686 5364; baseline 0 0"><span class='ocrx_word' id='word_1_337' title='bbox 0 0 1686 5364; x_wconf 95' lang='lat' dir='ltr'> </span> 
     </span>
    </p>
   </div>
  </div>
 </body>
</html>
