3382 5380
761 525 938 584 ..11-

97 705 100 712 ⁴
205 690 297 750 ctum
322 685 462 752 videtur:
486 685 628 768 primum
656 687 744 769 quod
772 688 971 756 scholiastae
1002 687 1281 770 interpretationi,
1306 688 1482 770 diligenter

207 792 429 874 conscriptae,
453 799 627 878 repugnat
650 793 768 859 deinde
806 795 891 876 quod
931 794 1057 875 ellipsis
1081 793 1171 862 illius
1195 795 1345 879 κωμῳδία
1367 794 1482 860 nescio

205 918 248 964 an
272 916 433 980 nusquam
457 898 534 964 alibi
558 908 729 981 appareat
751 906 821 966 tum
856 899 943 982 quoti
966 902 1001 966 ἐν
1027 900 1189 978 Κρατίνου,
1215 905 1252 966 ut
1269 899 1478 964 consuetudo

206 1004 339 1086 quidem
363 1003 519 1086 loquitur,
544 1022 673 1086 semper
697 1010 748 1070 est
774 1006 880 1087 „domi
905 1005 1063 1085 Cratini‘t
1094 1005 1234 1088 denique
1259 1005 1344 1086 quod
1371 1022 1410 1068 aa
1434 1005 1481 1069 in-

207 1115 333 1192 terpret
319 1110 402 1178 tatio
443 1118 559 1178 coacta
595 1129 658 1178 nec
696 1114 883 1178 necessaria
920 1119 981 1178 est:
1007 1129 1080 1176 nam
1107 1111 1231 1178 Cratini
1256 1111 1482 1237 ebriositatem

210 1219 308 1282 etiam
333 1215 410 1282 alibi
436 1218 615 1302 (Pacem
641 1216 715 1304 σφ’)
728 1222 785 1284 Ar.
808 1225 910 1285 notat.

253 1324 291 1388 E.
320 1329 403 1390 1238
429 1326 464 1390 ἐν
488 1327 807 1405 παιδοτρίβου-τίνα
829 1327 935 1405 πάλην
958 1327 1149 1406 ἐμάνθανες;

252 1429 289 1496 N.
315 1434 380 1495 973
404 1433 441 1497 ἐν
462 1432 913 1511 παιδοτρίβου-καθίζοντας.

253 1537 293 1604 V.
319 1541 381 1602 642
407 1537 518 1603 κάστιν
541 1538 599 1602 οὒκ
623 1538 658 1602 ἐν
681 1539 790 1607 αὑτοῦ.
831 1537 959 1620 Operae
996 1539 1140 1620 pretium
1180 1546 1232 1604 est
1254 1540 1374 1620 legere,
1399 1555 1482 1619 quae

209 1641 399 1710 Stallbaum.
424 1644 465 1709 ad
490 1645 599 1712 locum
639 1643 840 1710 simillimum
866 1645 951 1710 Plat.
988 1644 1154 1711 Charmid.
1181 1649 1243 1711 166
1269 1644 1297 1708 D
1322 1642 1426 1709 οὐκέτἰ
1449 1643 1485 1709 ἐν

207 1751 347 1828 ἐμαυτοῦ
371 1751 412 1830 ἠν
435 1741 616 1817 annotavit:
642 1752 711 1833 „Ad
745 1753 932 1835 genetivum
969 1752 1138 1835 intellegas
1180 1753 1259 1837 οἴκῳ
1275 1750 1301 1815 *.
1340 1750 1485 1816 Prorsus

209 1857 251 1922 ad
276 1858 415 1922 eundem
451 1858 580 1923 modum
616 1864 793 1924 nostrates:
818 1859 883 1924 und
906 1858 960 1924 ich
984 1877 1049 1923 war
1073 1859 1165 1923 nicht
1185 1858 1240 1922 bei
1263 1856 1337 1935 mir,
1363 1865 1407 1920 et:
1430 1854 1485 1920 ich

210 1983 277 2030 war
299 1983 379 2048 ganz
403 1985 462 2032 aus
487 1966 559 2030 dem
584 1965 769 2040 H'auschen,
791 1966 813 2032 i.
838 1985 866 2031 a.
891 1966 1010 2032 mentis
1038 1983 1102 2029 non
1126 1983 1215 2030 eram
1241 1966 1409 2046 compos“.
1435 1959 1482 2026 Oi.

211 2071 271 2136 Kr.
295 2071 351 2138 Gr.
375 2073 401 2147 1,
426 2077 480 2152 47
506 2077 535 2152 6
562 2079 591 2138 6.
614 2071 681 2138 Nos
704 2071 815 2138 dicere
838 2073 982 2139 solemus
1013 2089 1099 2152 „aas
1124 2089 1165 2136 se
1190 2091 1233 2136 aa
1256 2069 1374 2149 neom,
1399 2069 1485 2152 quod
1582 2061 1588 2072 '

210 2183 263 2244 est
287 2177 413 2244 Graece
438 2178 556 2245 οὐκέν
580 2180 683 2263 ἑαυτιμ
707 2180 785 2256 ἐστι,
810 2193 893 2262 quae
929 2179 1053 2244 locutio
1079 2180 1192 2246 item
1185 2198 1217 2244 m
1242 2177 1444 2304 codicibus
1436 2195 1484 2241 m-

208 2285 352 2368 venitur,
374 2290 414 2350 ut
436 2285 534 2368 Soph.
557 2286 640 2351 Phil.
665 2290 741 2352 950

254 2391 289 2455 L.
315 2397 379 2457 407
405 2393 539 2472 λέγομεν
563 2394 597 2458 ἐν
620 2399 685 2458 τῶν
708 2399 911 2472 δημιουργῶν
932 2393 1044 2458 τοιαδί.

253 2497 312 2563 Th.
337 2502 380 2564 83
404 2499 463 2565 κάν
488 2501 718 2580 Θεσμοφόροιν
734 2501 1017 2578 -εκκλησιάῑειν,
1042 2495 1098 2564 ubi
1124 2497 1236 2564 schol:
1276 2500 1344 2564 ἀντὶ
1367 2501 1424 2562 τοῦ
1449 2499 1485 2565 ἐν

206 2611 256 2691 τῷ
279 2609 344 2670 τῶν
356 2607 583 2687 Θεσμοφόρων
601 2603 687 2691 ἱερῷ.
704 2611 766 2672 796
784 2607 843 2672 κᾶν
857 2607 1105 2684 καταδάρθωμεν
1119 2607 1155 2670 ἐν
1171 2606 1349 2684 ἀλλοτρίων
1379 2605 1485 2685 „domi
1610 2670 1614 2681 ,

207 2714 356 2780 alienae“
374 2715 429 2798 (cl.
442 2714 542 2779 Mein.
567 2713 663 2781 Vind.
687 2733 720 2796 p.
742 2715 834 2798 167).
947 2725 952 2732 ’

254 2820 293 2884 R
320 2824 382 2886 774
409 2820 489 2898 ὅπερ
514 2821 580 2885 ἔστ’
604 2823 640 2885 ἐν
662 2821 772 2887 Ἅιδου
799 2826 933 2901 πλῆθος.

205 2969 209 2977 .
256 2927 288 3010 ο)
310 2927 379 2992 Iam
402 2925 581 2992 afferantur
606 2929 739 2994 nomina
761 2947 917 2994 nasorum
941 2927 1145 3009 aliorumque
1167 2932 1279 3030 recept
1265 2921 1463 3037 toculorum

194 3073 201 3108 ·.
239 3035 482 3100 ’ἀσκίδιον
506 3032 564 3098 Εε.
587 3035 672 3096 306
679 3033 870 3118 ἐνάσιιιδίψ
893 3037 1006 3113 φέρων
1028 3037 1119 3099 πιεῖν

257 3141 549 3220 βαλλάντιονε
574 3140 632 3204 Αν.
661 3143 741 3203 1107
767 3141 979 3219 ἐν-τοῑςβι
993 3143 1267 3206 ἐννεοττεύσουσι.

255 3246 496 3322 γυπάριονε
521 3241 558 3311 Ε.
584 3249 647 3310 793
672 3245 807 3310 οἰκοῦντ’
844 3247 881 3310 ἐν
918 3249 987 3324 ταῖς
1012 3249 1210 3312 πιθάκναισιν
1247 3252 1297 3314 καὶ
1320 3247 1486 3324 γυπαρίοις

208 3354 263 3417 καὶ
284 3352 468 3430 πυργιδίοις.
887 3365 890 3377 ·

256 3459 454 3523 tirruov:
479 3460 516 3522 Α.
541 3461 606 3522 560
631 3459 802 3538 κρομμύων
820 3458 1026 3536 ἐν’δικτύοις.
1083 3499 1086 3506 ,

256 3565 405 3644 ἐμβάςε
430 3565 467 3630 Ε.
488 3569 554 3636 1321
581 3567 675 3630 ἔνεον
698 3567 827 3643 ἐνταῑς
851 3567 876 3632 ἐ.

257 3673 331 3737 θυί
342 3688 372 3735 a:
396 3669 433 3735 N.
450 3675 522 3736 676
537 3673 582 3736 eo
596 3674 680 3755 ·θυίᾳ
703 3665 883 3765 στρογγύλῃ
909 3671 1104 3751 ’νεμάττετορ

257 3774 296 3842 Ρ.
322 3781 382 3842 231
408 3779 528 3858 τρίβειν
548 3781 584 3843 ἐν
607 3780 686 3861 αὐτῇ
711 3782 821 3860 (ιτ-τῇ
847 3780 935 3861 Onia)
958 3782 1015 3856 τὰς
1038 3773 1165 3857 πόλεις.·

255 3883 303 3948 Pl.
330 3886 618 3966 τιιεφιιενιρ
645 3891 673 3952 e.
1148 3893 1198 3930 w·
1234 3900 1280 3934 2·

258 3993 470 4070 θάλακοςτ
495 3990 543 4055 Pl.
570 3995 632 4058 763
658 3992 762 4071 ἄλφιτ’
787 3993 846 4058 οὐκ
870 3993 994 4058 ἔνεστιν
1018 3995 1052 4058 ἐν
1076 3999 1173 4075 cpe.
1242 4017 1244 4026 ·
1313 4011 1316 4018 ’

258 4097 601 4184 ἰπνός(1ιιιιίριιιι);
627 4100 662 4162 P.
688 4103 749 4164 341
776 4102 925 4178 ἐν-τοίς
948 4091 1068 4165 ἰπνοῖσι
1091 4103 1153 4177 πῦρ
1174 4099 1339 4180 (ἔχοντες).

259 4203 595 4338 (κάρδοπος)ι-Ν.
622 4211 685 4271 788
708 4209 754 4286 τίς
777 4208 826 4285 ἠν,
851 4210 887 4272 ἐν
910 4209 929 4290 ῇ
954 4205 1321 4339 ματτόμεθάω-τάλφποις
1361 4243 1364 4251 .

249 4461 376 4518 *Potius
395 4463 474 4532 οἰκίᾳ,
492 4463 595 4532 opinor:
615 4479 677 4518 nam
697 4465 795 4531 „aedes
815 4465 913 4520 Atticis
942 4472 1005 4518 suut
1030 4458 1108 4518 οἰκία.
1129 4463 1215 4526 Οίκος
1244 4459 1369 4516 conciano
1389 4467 1440 4530 est,
1459 4461 1486 4514 iu

211 4567 268 4622 quo
286 4553 437 4608 coenabant
450 4557 567 4608 veteres:
586 4537 682 4608 verum
700 4553 770 4610 hanc
789 4537 985 4610 distinctionem
996 4553 1178 4621 neglexerunt
1186 4551 1379 4605 recentiores
1392 4502 1487 4606 Elmsl.

212 4642 302 4698 ada.
324 4643 401 4696 1222.
