3328 5370
681 467 858 529 -29-

172 631 225 698 Pl.
251 633 317 696 679
341 633 589 710 reprimeret<
614 633 743 712 βωμοὺς
766 631 910 710 ἅπαντας
933 631 970 698 ἐν
992 655 1021 697 κ.
1047 635 1111 697 108
1135 631 1171 698 έν
1205 636 1408 717 κ-περιῄει.

173 742 219 805 ἐν
255 741 381 820 μέρει
417 745 474 804 aut
512 738 681 822 „ordine“,
719 737 825 822 „alius
860 745 936 822 post
969 737 1089 805 υΙίυιυ1
1116 735 1290 823 significat,
1314 739 1408 806 utin

126 839 168 911 V.
196 849 294 923 1310,
320 852 378 912 aut
401 847 472 913 sive
494 845 619 912 nudum
644 846 714 912 rive
735 841 861 912 addito
885 847 1028 912 articulo
1054 847 1110 926 „in
1133 845 1273 922 vicem“,
1297 849 1334 910 ut
1357 859 1410 911 ce·

126 955 214 1021 teris
238 953 389 1020 omnibus
413 951 506 1020 locis.

177 1061 217 1131 V.
245 1064 327 1127 1319
351 1062 549 1141 περιύβριζεν
573 1060 694 1140 αὐτοὺς
717 1060 753 1126 ἔν
776 1083 816 1140 μ.,
842 1061 930 1142 quod
947 1057 1052 1130 schol.
1072 1059 1142 1127 καθ’
1157 1059 1294 1127 ἕκαστον
1309 1059 1411 1124 inter·

132 1173 295 1252 pretatur.

182 1279 237 1341 dr.
262 1279 348 1342 1228
371 1275 518 1355 ἀκροατέ
537 1276 611 1354 ὑμῖν
634 1277 670 1341 έν
693 1297 723 1354 μ.
747 1279 813 1340 τῶν
837 1275 1037 1353 κρειττόνων.

178 1381 214 1448 L.
240 1387 304 1449 540
329 1382 422 1462 όπως
446 1383 486 1447 ἂν
509 1384 613 1465 ἐντῷ
637 1405 666 1462 μ.
691 1384 1070 1463 χήμεῖς-συλλάβωμεν.

175 1487 214 1554 R.
240 1491 282 1554 32
307 1487 342 1555 ὲν
364 1496 410 1573 τῷ
435 1491 569 1569 μ.-τι1ν
592 1487 828 1574 ὄνον-φέρε,
851 1488 909 1553 ubi
933 1488 1045 1555 schol:
1070 1489 1138 1555 ἀντὶ
1178 1494 1246 1565 τοῦ,
1271 1493 1350 1555 κατά
1383 1505 1412 1552 τι

133 1596 239 1676 μέρος,
264 1598 344 1660 κατὰ
366 1595 425 1674 τὴν
448 1593 594 1674 ἀμοιβὴν.
619 1597 683 1661 497
709 1596 828 1671 cro-
842 1595 957 1668 ἔσομαί
988 1611 1043 1660 σοι
1077 1593 1285 1676 σκευοφόρος
1309 1597 1345 1662 έν
1365 1596 1412 1678 τῷ

133 1725 173 1782 μ.,
199 1701 289 1784 quod
312 1700 417 1767 schol.
443 1701 478 1766 ὲν
500 1702 557 1785 ἴσῃ
581 1700 680 1780 μερίδι
705 1695 856 1783 explicat.
896 1701 899 1710 '

177 1809 223 1874 ὲν
255 1809 475 1888 τάχειετ
490 1809 564 1888 αχέ
578 1830 604 1872 ω
618 1825 645 1886 ςτ
669 1807 708 1873 V.
735 1809 821 1874 1488
846 1809 954 1874 εί-έν
975 1831 1002 1873 τ.
1025 1809 1200 1888 ἐπίδεσμον
1223 1809 1330 1887 ἐπρίω.

177 1915 210 1998 θ)
233 1913 363 1994 Restat,
386 1920 424 1979 ut
446 1931 505 1980 eos
531 1915 624 1980 locus
649 1931 850 1991 enumerem„
874 1916 931 1981 ubi
953 1915 988 1981 in
1024 1915 1118 1981 libris
1136 1914 1339 1998 praepositio
1363 1913 1411 1979 lea

136 2023 231 2105 gitur,
257 2021 317 2087 sed
340 2039 360 2086 a
382 2019 557 2088 Meinekeo
581 2021 722 2106 aliisque
746 2021 854 2089 deleta
880 2027 941 2088 est.

183 2131 218 2193 A.
244 2131 309 2193 533
334 2129 410 2208 μήτε
445 2135 484 2212 γῇ
522 2125 592 2208 μήτ’
625 2132 660 2194 ἐν
683 2129 795 2212 ἀγορᾷ,
821 2130 917 2211 quod,
948 2148 1020 2195 curn
1046 2131 1080 2194 in
1105 2128 1271 2195 codicibus
1296 2134 1411 2194 contra

135 2242 275 2301 metrum
302 2233 371 2315 μήτ’
395 2238 431 2301 έν
453 2241 491 2319 γῇ
517 2234 660 2318 legetur,
684 2235 853 2301 Bentleius
878 2235 979 2302 scribi
1003 2236 1111 2302 iussit.
1150 2235 1238 2302 Vide
1262 2236 1411 2316 exempla

134 2343 347 2426 aBlaydesio
372 2344 468 2409 adh.
503 2343 526 2407 l.
552 2343 662 2408 allata.
698 2341 789 2408 Idem
825 2361 918 2409 error
944 2338 1090 2409 occurrit
1113 2343 1147 2409 in
1178 2343 1216 2410 Ε,
1246 2345 1310 2408 610
1335 2343 1411 2423 μήτε

134 2457 171 2535 γι]
198 2449 269 2530 μήτ’
291 2453 327 2516 ἐν
349 2452 499 2534 Θαλάττῃ,
529 2451 615 2533 quod
637 2467 697 2532 pro
722 2447 793 2530 μήτ’
820 2453 856 2515 ἐν
878 2457 917 2536 τῇ
946 2449 1105 2516 librorum
1131 2451 1289 2535 seriptum
1307 2454 1368 2514 est.

176 2561 215 2624 A.
242 2561 328 2622 1210
351 2559 451 2638 τάλας
473 2559 537 2634 ἐγὼ
561 2563 721 2638 ξυμβολῆς
745 2559 882 2637 βαρείας,
905 2557 962 2622 ubi
986 2558 1075 2640 quod
1096 2565 1173 2640 post
1197 2559 1259 2635 έγιίι
1283 2555 1412 2640 legebo·

135 2671 188 2732 tur
222 2669 282 2744 τῆς
319 2667 354 2730 έν
389 2667 469 2750 μάχῃ
506 2664 628 2731 delevit
665 2663 820 2741 Botheus‚
845 2685 886 2731 ne
923 2665 1017 2731 iocus
1048 2665 1182 2748 periret
1207 2684 1236 2730 ν.
1262 2663 1411 2746 Blaydcs.

139 2772 229 2838 adh.
253 2771 275 2836 1.

179 2877 218 2944 Ε.
244 2883 305 2943 781
334 2879 476 2957 Μήδοισι
500 2881 662 2957 διεξιφίσω
686 2883 758 2957 περὶ
779 2883 837 2957 τῆς
860 2879 969 2959 χώρας
1007 2881 1192 2958 Μαραθῶνι,
1216 2877 1273 2943 ubi
1298 2881 1413 2942 contra

135 2993 277 3052 metrum
300 2985 334 3051 in
357 2985 451 3051 libris
477 2985 599 3068 legitur
622 2987 658 3051 έν
683 2986 727 3052 Μ.
750 2985 910 3051 Similiter
941 2987 974 3052 in
997 2985 1038 3051 E.
1064 2989 1150 3051 1334
1173 2985 1253 3051 Rav.
1277 2989 1413 3065 τοῦμμα·

136 3097 264 3172 ραθῶνι,
289 3091 373 3161 Ven.
398 3096 456 3157 τοῦ
480 3092 507 3157 ’ν
532 3093 719 3174 Μαραθῶνι,
755 3094 789 3156 in
820 3094 858 3157 V.
884 3097 946 3158 711
972 3093 1052 3159 Rav.
1078 3100 1113 3160 et
1133 3091 1213 3161 Ven.
1237 3097 1294 3158 τοῦ
1317 3092 1345 3157 ’ν
1369 3089 1412 3154 Μ.

134 3199 267 3275 habent,
293 3197 485 3280 pariterque
508 3197 542 3262 in
566 3197 623 3263 Fr.
648 3201 723 3274 413,
749 3217 789 3263 ex
813 3199 983 3264 Athenaeo
1012 3206 1154 3282 sumpto,
1180 3200 1312 3265 codices
1334 3195 1415 3261 τοιίν

136 3307 179 3370 Μ.
213 3305 345 3370 habent.
370 3305 423 3388 (V.
447 3303 532 3370 intra
567 3305 643 3387 διά).
668 3305 732 3371 Sed
756 3323 830 3370 cum
864 3323 970 3388 neque
995 3306 1084 3386 apud
1107 3307 1175 3384 Ar,
1199 3321 1305 3387 neque
1329 3300 1416 3384 apud

135 3410 333 3496 Eupolidem
347 3412 449 3496 (apud
461 3412 545 3478 alios
559 3413 645 3478 enirn
659 3418 774 3495 poetas
788 3411 924 3477 omnino
937 3429 1002 3477 non
1017 3411 1177 3495 occurrit)
1191 3411 1302 3476 nullus
1326 3411 1431 3475 inve.

134 3519 247 3586 niatnr
268 3519 372 3592 locus,
395 3517 455 3584 nbi
490 3521 619 3584 numeri
644 3521 680 3585 ἐν
705 3520 748 3583 Μ.
774 3518 953 3600 postulent,
979 3523 1071 3584 recte
1095 3515 1269 3584 Bentleius
1293 3517 1415 3599 aliique

135 3630 336 3704 statuerunt,
360 3626 639 3708 praepositionem
664 3628 706 3693 iis
731 3645 861 3710 quoque
885 3625 978 3702 locis,
997 3627 1116 3710 quibus
1136 3631 1245 3692 metro
1265 3626 1417 3691 admitta-

134 3737 201 3810 tur,
224 3729 395 3796 delendam
431 3750 517 3798 esse.
543 3732 590 3799 ol.
616 3732 733 3800 Cobeti
756 3733 795 3797 V.
819 3732 856 3799 L.
881 3753 912 3816 p.
939 3737 1015 3806 201.
1054 3733 1093 3800 In
1119 3731 1318 3801 contrariom
1341 3749 1416 3815 par-

135 3845 203 3903 tem
228 3837 399 3919 disputant
422 3837 637 3906 Fritzseheus
661 3841 702 3906 ad
726 3839 784 3905 Th.
812 3843 877 3907 806
903 3847 936 3906 et
959 3841 1107 3907 Kockius
1133 3841 1174 3905 ad
1197 3839 1250 3906 Fr.
1275 3843 1349 3904 413.

181 3943 220 4008 Ε.
247 3945 329 4008 1271
358 3943 479 4026 (chor.)
503 3951 566 4024 σᾶς
600 3947 780 4026 ἁπτόμενος
815 3953 981 4029 φαρέτρας
1015 3951 1148 4015 Πυθῶνι
1170 3951 1222 4033 δίᾳ
1246 3951 1285 4029 μὴ
1311 3949 1418 4024 κακῶς

136 4051 300 4127 πένεσθαι,
325 4049 381 4115 ubi
406 4057 512 4116 metro
535 4061 738 4137 repugnante
763 4055 915 4123 inlibris
944 4057 1065 4140 legitur
1090 4059 1125 4122 ἐν
1149 4059 1208 4140 δίᾳ,
1234 4056 1321 4138 quod
1346 4072 1418 4120 cor·

137 4159 224 4222 rexit
246 4153 447 4223 Dindordus.
470 4158 616 4226 Kockius
641 4161 768 4227 confert
790 4162 884 4227 Pind.
910 4164 1003 4247 Pylh.
1029 4168 1059 4242 ί,
1089 4167 1128 4228 10
1153 4167 1185 4229 οἳ
1208 4159 1281 4229 τεόν
1304 4184 1339 4241 γε
1364 4163 1418 4226 δό·

140 4283 200 4340 μον
223 4264 313 4345 (τεὸν
335 4265 466 4342 τέμενος
499 4263 633 4349 Bergk.)
656 4269 789 4334 Πυθῶνι
812 4271 865 4352 δίᾳ
889 4253 1012 4349 θαητὸν
1036 4273 1177 4340 ἔτευξαν.

183 4367 223 4433 V.
251 4372 335 4432 1523
358 4368 478 4451 (ullor.)
489 4371 588 4450 ταχὺν
611 4373 696 4437 πόδα
721 4378 958 4454 κυκλοσοβεῖτε
982 4378 1030 4441 ita
1056 4375 1243 4442 emendavit
1277 4371 1417 4438 Dindor-

131 4472 201 4539 που
228 4473 378 4540 codicum
403 4476 576 4542 lectionem
601 4468 670 4544 πόδ’
699 4482 734 4544 έν
757 4481 864 4564 κύκλῳ
889 4485 1029 4562 σοβεῖτε,
1052 4487 1091 4548 ut
1113 4482 1223 4548 versui
1250 4479 1419 4578 strophico

144 4583 227 4645 1518
251 4582 475 4662 responderet.
