3298 5368
817 515 993 573 ..82-

308 685 343 748 Ρ.
370 684 453 749 104ῖ
479 683 497 746 ὁ
522 683 749 762 χρησμολόγος
778 682 834 746 οὑξ
858 679 982 757 Ὠρεοῦ.

310 798 367 858 δι’.
394 796 457 854 813
481 791 561 854 τούκ
583 785 980 866 Λακεδαίμονος-ὄνομα.

309 901 344 964 L.
372 905 410 963 59
437 899 513 962 οὐδὲ
537 899 700 975 Παράλων
724 891 856 973 οὐδεμία
883 898 962 973 γυνὴ
986 895 1081 970 πάρα,
1102 894 1171 957 οὐδ’
1194 896 1227 956 ἐκ
1251 897 1449 973 Σαλαμῖνος.

308 1007 346 1071 R.
373 1010 434 1070 501
463 1009 521 1071 οίικ
547 1006 684 1081 Μελίτης
704 1004 879 1082 μαστιγίας.
1426 1051 1428 1055 .

309 1114 362 1197 Pr.
387 1117 451 1176 499
476 1113 615 1188 γενναία·
632 1112 761 1186 Βοιωτὶς
777 1108 805 1172 δ’
827 1109 867 1186 ἦν
879 1111 910 1174 ἐξ
934 1109 1138 1187 Ἀγχομενοῦ,
1153 1109 1238 1188 quod
1257 1107 1361 1172 Kock.
1376 1129 1393 1172 e
1411 1107 1543 1173 Lehrsii

265 1221 455 1286 coniectura
493 1216 632 1298 scripsit,
669 1235 741 1280 cunr
779 1216 812 1280 in
848 1216 940 1280 libris
976 1215 1065 1279 nullo
1099 1233 1198 1280 sensu
1233 1215 1372 1298 legatur:
1409 1219 1545 1294 γενναῖα

268 1331 415 1406 βοιῶτιος
439 1327 474 1390 έν
498 1323 701 1404 Ἀγχομενοῦ.
738 1323 802 1386 Alii
827 1324 892 1386 alia
924 1330 1178 1402 proposuerunt.
1205 1321 1397 1402 Ἀγχομενός
1423 1341 1544 1387 nornen

266 1451 342 1501 esse
366 1433 540 1514 proprium
564 1430 715 1505 hominis,
741 1448 804 1493 non
829 1430 948 1510 oppidi,
974 1434 1085 1493 monet
1109 1429 1221 1505 Καρία,
1247 1436 1283 1492 ut
1306 1432 1338 1496 ἐξ
1363 1427 1408 1494 Ἀ.
1435 1429 1546 1493 valent
1625 1489 1626 1500 ,

270 1561 329 1622 „ex
355 1537 561 1603 Anchorneni
585 1538 713 1601 domo“.

310 1649 344 1730 γ)
368 1647 548 1712 incolarum
573 1645 696 1710 nomini
719 1663 779 1726 pro
806 1657 901 1720 terre,
928 1664 1022 1725 quern
1049 1646 1206 1722 incolunt,
1232 1647 1395 1712 adiuncta.

309 1755 347 1820 P.
373 1758 459 1819 1000
483 1756 541 1832 τὴν
564 1755 686 1830 άγοράν
709 1753 783 1830 ἡμῖν
807 1753 937 1827 ἀγαθῶν
973 1754 1201 1831 ἐμπλησθῆναι,
1227 1753 1253 1816 ’κ
1278 1754 1444 1830 Μεγάρων
1470 1767 1546 1816 σκο-

267 1867 385 1942 ρόδων,
411 1863 499 1944 quod
535 1862 574 1925 ab
608 1860 795 1925 Hamekero
830 1877 847 1923 e
882 1860 1081 1925 scholiastae
1115 1859 1390 1941 interpretatione
1416 1858 1487 1940 (ὅτι
1510 1859 1545 1920 τά

267 1973 410 2049 σκόροδα
443 1971 478 2035 ἐκ
511 1974 568 2047 της
604 1965 834 2050 Μεγαρίδος...)
869 1985 929 2048 pro
962 1969 1051 2046 ἐμπλ.
1082 1971 1228 2046 μεγάλων
1264 1968 1413 2030 codicum
1454 1972 1543 2029 recte

266 2078 457 2142 restitutum
483 2081 544 2141 est.
570 2073 617 2142 Cf.
641 2074 690 2138 Pl.
716 2077 788 2149 312,
814 2074 869 2136 ubi
894 2075 972 2137 item
997 2074 1023 2137 ’κ
1048 2067 1178 2139 excidit.

309 2185 345 2248 L.
371 2189 412 2247 40
436 2182 697 2259 ἢν-ξυνέλθωσ
721 2183 751 2245 αἱ
773 2183 1001 2258 γυναῖκες-αἵ
1033 2181 1060 2243 τ’
1093 2183 1127 2244 έκ
1153 2184 1302 2245 Βοιωτῶν
1326 2181 1359 2245 αἵ
1381 2201 1414 2244 τε
1441 2182 1545 2244 Πελο-

267 2293 463 2368 ποννησίων.
500 2293 539 2352 75
563 2292 621 2367 τάς
643 2287 671 2353 τ’
695 2291 728 2352 ἐκ
754 2291 903 2352 Βοιωτῶν
935 2290 993 2366 τάς
1027 2310 1060 2352 τε
1084 2290 1364 2367 Πελοποννησίων
1387 2291 1544 2363 γυναῖκας

267 2401 382 2464 ἐλθεῖν.
404 2397 467 2456 702
492 2399 590 2460 παῖδα
613 2398 755 2475 χρηστὴν
779 2394 962 2472 κάγαπητὴν
983 2397 1018 2460 έκ
1043 2397 1192 2458 Βοιωτῶν
1216 2395 1357 2473 ἔγχελυν.

311 2502 372 2566 Th.
398 2504 461 2564 620
486 2503 543 2565 τὸν
568 2503 601 2564 ἐκ
628 2502 826 2564 Κοθωκιδῶν.

311 2609 360 2673 Pi.
385 2611 448 2672 435
473 2607 492 2682 ἡ
519 2611 651 2685 καπηλὶς
672 2607 713 2684 ᾐκ
735 2613 799 2670 τῶν
823 2610 983 2684 γειτόνων.

310 2721 340 2799 δ)
363 2716 550 2782 nominibus
575 2717 733 2780 mercium
758 2734 816 2794 pro
841 2718 998 2792 fororum,
1025 2716 1079 2778 ubi
1105 2722 1255 2790 veneunt,
1282 2713 1449 2780 adiuncta:

311 2827 349 2889 N.
376 2829 462 2890 1065
486 2825 787 2902 Ὑπέρβολος-οὑκ
810 2829 874 2888 τῶν
898 2825 1031 2903 λύχνων.

314 2935 372 2998 λυ.
399 2936 439 2995 13
465 2933 523 2995 οὑκ
546 2936 610 2994 τῶν
635 2929 767 3007 ὀρνέων.

314 3039 343 3121 ε)
368 3037 554 3102 nominibus
577 3039 735 3101 festorum
760 3037 924 3102 adiuncta:

315 3149 352 3209 A.
380 3150 442 3210 146
467 3146 624 3222 ἀλλᾶντας
639 3145 672 3209 ἐξ
691 3142 917 3222 Ἀπατουρίων.
936 3147 1020 3208 1050
1037 3145 1281 3224 έπεμψε-κρέα
1296 3147 1331 3211 ἐκ
1343 3152 1408 3210 τῶν
1423 3149 1542 3224 γάμων.

314 3251 374 3318 Th.
400 3254 463 3314 558
485 3253 523 3316 τά
548 3250 612 3329 κρέ’
638 3253 669 3318 ἐξ
694 3253 924 3332 Ἀπατουρίων,
948 3252 1003 3314 ubi
1027 3251 1158 3317 Baehrn.
1183 3272 1215 3333 p.
1241 3254 1282 3314 38
1307 3260 1395 3316 recte
1416 3251 1450 3317 in
1468 3247 1543 3313 arti·
1619 3252 1622 3261 '

272 3359 346 3422 culo
372 3357 543 3424 offendisse.
569 3358 711 3423 videtur:
732 3359 932 3440 „Dicendum
951 3365 1023 3422 crat
1047 3360 1188 3440 potius“,
1212 3361 1326 3442 inquit,
1354 3368 1432 3442 „aut
1454 3363 1493 3425 τὰ
1514 3357 1543 3419 ἐξ

270 3467 314 3531 Ἀ.
332 3469 408 3544 κρέα
433 3471 490 3532 sut
513 3469 552 3530 τὰ
575 3469 652 3544 κρέα
679 3469 717 3532 τὰ
741 3469 772 3532 ἐξ
792 3459 874 3530 Ἀ.“.
888 3466 992 3547 (Ideni
1017 3469 1192 3548 proposuit
1205 3475 1284 3549 post
1299 3464 1541 3532 Bachmennunr

272 3574 509 3641 Herwerdenus
533 3575 566 3638 in
579 3575 721 3638 Hermae
743 3593 772 3636 v.
786 3577 836 3647 24,
852 3592 881 3654 p.
898 3569 986 3659 626),
1010 3575 1136 3660 Itaque,
1151 3594 1223 3638 curn
1240 3573 1293 3637 hic
1306 3575 1450 3639 articulo
1467 3569 1543 3640 nihil

272 3699 354 3761 opus
379 3681 424 3744 sit
447 3679 608 3762 simulque
626 3699 662 3744 eo
680 3680 787 3746 deleto
803 3679 977 3761 singularis
1001 3681 1159 3761 tripartiti
1185 3681 1354 3761 anapaesti
1376 3679 1486 3746 iorrna
1507 3677 1542 3739 τὰ

185 3868 187 3872 ¹
271 3785 336 3865 κρέ’
355 3787 386 3852 ἐξ
405 3795 612 3853 removeatur
625 3787 668 3870 (v.
682 3786 878 3851 Bernhardii
894 3806 923 3866 p.
942 3788 1030 3868 285),
1047 3789 1085 3850 τά
1101 3803 1139 3849 ex
1156 3787 1367 3866 praecedenti
1391 3787 1416 3851 τ’
1431 3788 1471 3852 αὖ
1486 3801 1543 3867 per

271 3895 525 3976 dittopraphinrn
550 3901 657 3959 ortum
681 3915 753 3962 esse
778 3901 857 3976 puto
876 3895 977 3977 (quod
1000 3893 1124 3975 fugisse
1141 3895 1271 3959 videtur
1289 3895 1542 3963 Buchmannunr‚

272 4006 328 4085 qui
353 4006 418 4084 hic,
443 4009 480 4068 ut
514 4003 588 4070 aliis
625 4004 719 4082 locis,
742 4003 920 4068 articulum
945 4020 963 4065 a
988 4002 1133 4066 librariis
1169 4001 1350 4070 scientibus
1386 4005 1539 4068 insertum
1623 4033 1624 4040 ι

272 4129 345 4176 esse
372 4111 510 4194 censet).
536 4109 696 4192 Exempla
719 4110 896 4175 locutionis
928 4108 1218 4190 praepositionaiis
1243 4129 1317 4174 cunr
1342 4107 1541 4184 substantivo

272 4219 475 4291 coniunctae,
502 4217 626 4282 ornisso
652 4217 800 4294 articulo,
824 4216 905 4280 haec
931 4215 1030 4279 etiarn
1055 4215 1166 4281 hebes:
1182 4218 1220 4280 Α.
1238 4219 1279 4279 86
1305 4217 1402 4295 ὅλους
1427 4219 1462 4282 ἐκ
1484 4235 1540 4291 κρι-

272 4327 372 4403 βάνου
405 4326 492 4404 βοῦς.
532 4329 616 4386 1050
652 4326 728 4401 κρέα
764 4324 797 4386 ὲκ
831 4328 895 4387 τῶν
926 4324 1046 4401 γάμων.
1080 4322 1117 4385 Ε.
1147 4325 1230 4386 1178
1256 4323 1358 4401 ἑφθὸν
1382 4325 1416 4387 ἐκ
1440 4319 1539 4399 {opos

272 4433 377 4510 κρέας.
402 4431 441 4499 N.
466 4433 529 4495 455
555 4430 589 4494 ἔκ
613 4453 673 4509 μου
697 4431 827 4510 χορδήν.
853 4434 915 4493 923
941 4431 975 4493 ἐκ
999 4431 1145 4509 πηριδίου
1177 4431 1317 4508 γνώμας.
1343 4429 1380 4493 V.
1407 4431 1490 4493 1367
1511 4425 1539 4487 ἐξ

273 4537 369 4617 ὄξους
393 4541 492 4616 δίκην.
526 4537 563 4603 Ρ.
592 4541 676 4602 1000
700 4539 734 4602 ἐκ
759 4537 919 4614 Μεγάρων
955 4540 1134 4615 σκορόδων.
1176 4537 1224 4600 Pl.
1257 4540 1318 4601 535
1356 4541 1478 4621 φῴδων
1510 4533 1539 4594 ἐκ

273 4648 454 4725 βαλανείου.
