3298 5368
648 489 845 553 -127-

158 657 194 741 4)
217 656 284 722 Nee
306 657 444 724 multum
468 656 508 722 ab
532 655 593 721 lec
617 654 752 721 notione
777 653 888 720 differt
913 655 1004 722 notio
1039 654 1295 732 convenientiae,
1333 655 1396 718 ubi¹

113 767 238 849 aliquid
261 763 361 830 alicui
386 765 434 828 rei
459 770 716 830 consentaneum
740 779 815 828 esse
840 761 892 826 vel
916 761 1149 828 convenienter
1172 760 1246 826 fieri
1266 761 1391 827 dieitur

112 881 312 962 („correen0
337 889 389 947 σε,
414 872 503 954 mi‘).
530 939 533 945 ,

119 1030 123 1041 ,
154 986 194 1054 Δ,
220 989 280 1050 591
306 976 459 1046 οῦ-κατ’
483 977 576 1057 ἰσχάν
594 977 696 1042 ἐστιν.
721 979 783 1042 797
808 981 866 1056 τὴν
889 980 1021 1057 στήλην,
1042 977 1110 1042 καθ’
1128 979 1168 1056 ἣν
1185 976 1388 1053 ἐσπεισάμην

113 1095 168 1178 (ci.
192 1095 253 1156 Au.
279 1087 390 1170 1050).
416 1089 501 1150 1000
526 1089 605 1150 κατὰ
627 1089 667 1152 τά
686 1086 947 1163 πάτρια-πίνειν
973 1102 1083 1165 ,more
1115 1078 1258 1166 patriol.

155 1197 195 1263 E.
224 1202 283 1262 147
307 1194 517 1272 προσέρχεται
541 1191 652 1269 ὥσπερ
677 1194 755 1256 κατὰ
779 1193 863 1267 θεόν,
886 1192 1090 1261 0111000100
1121 1190 1279 1255 librorum
1303 1187 1387 1254 scri·

110 1313 242 1390 pturam
266 1303 345 1367 κατά
368 1303 460 1364 θεῖον
483 1297 680 1376 emendavit,
704 1286 767 1380 ηυιι
791 1297 831 1362 de
855 1318 891 1362 re
929 1319 956 1362 ν.
980 1298 1083 1364 Κοοίτ.
1119 1315 1198 1373 nnn,
1218 1298 1283 1362 499
1307 1298 1390 1372 πρά-

110 1421 195 1490 ξειας
219 1411 298 1474 κατά
321 1410 401 1472 νοῦν
421 1408 480 1470 τὸν
502 1406 581 1482 ἐμάν
604 1423 665 1485 „ex
690 1405 789 1470 animi
822 1406 885 1470 mei
921 1405 1105 1470 sententiu“
1142 1403 1198 1487 (01.
1235 1401 1276 1466 Ε.
1311 1404 1388 1468 549.

111 1521 147 1586 Ρ.
172 1521 249 1583 762.
274 1515 366 1594 940).
391 1516 456 1578 549
481 1516 560 1577 κατὰ
583 1516 663 1578 νοῦν
685 1516 817 1591 πράξας.

153 1625 193 1692 N.
218 1627 282 1689 619
306 1627 365 1701 τῆς
400 1621 514 1699 ἑορτῆς
552 1622 593 1699 μὴ
630 1621 783 1700 τυχόντες
815 1625 894 1686 κατὰ
932 1624 1030 1697 λόγον
1060 1626 1126 1688 τῶν
1148 1620 1287 1698 ἡμερῶν,
1312 1617 1334 1681 1.
1360 1638 1388 1682 0.

110 1736 190 1800 κατὰ
213 1732 310 1805 τάξιν,
336 1735 373 1792 01
395 1743 435 1792 ex
457 1727 603 1808 antiquis
627 1727 864 1808 interpretibus
879 1729 994 1808 nescio
1011 1729 1087 1813 quis
1103 1727 1256 1808 explicet·
1277 1724 1388 1806 „iuxta

110 1847 235 1910 statum
259 1836 388 1901 dierum
412 1833 595 1899 ordinem“.
621 1835 685 1896 626
710 1838 790 1898 κατὰ
819 1835 1210 1914 σελήνην-ἀγειν-τοῦ
1235 1834 1305 1912 βίου
1330 1835 1389 1909 τάς

109 1949 241 2028 ἡμέρας.
267 1945 397 2006 tel-2
422 1940 537 2019 δποῖός
562 1942 629 2006 ἐστι
651 1946 716 2007 τῶν
740 1941 869 2022 ῥυθμῶν
893 1940 959 2007 κατ’
984 1944 1142 2016 ἐνόπλιον,
1178 1943 1322 2021 χώποῖος
1347 1937 1387 2002 αὖ

110 2057 191 2122 κατά
214 2053 508 2117 δάκτυλονωκατά
531 2050 698 2126 δάκτυλονς

151 2159 192 2225 Ρ.
217 2158 280 2222 762
305 2157 427 2234 πράξας
450 2158 529 2218 κατά
551 2158 642 2220 νοῦν.
665 2157 730 2219 940
754 2155 884 2236 (πάντα)
907 2158 1007 2235 χωρεῖ
1033 2159 1113 2220 κατά
1136 2156 1227 2218 νοῦν.

153 2269 214 2331 Αν.
241 2267 305 2328 544
329 2265 408 2326 κατὰ
435 2262 571 2339 δαίμονα
607 2263 658 2324 καί
690 2281 760 2326 τινα
796 2263 968 2341 συντυχίαν
1004 2261 1128 2340 ἀγαθὴν
1164 2263 1260 2341 ἥκεις.
1300 2265 1386 2326 1050

110 2375 223 2440 ἐάν-
236 2391 282 2447 τις
304 2368 381 2445 τοὺς
404 2367 562 2447 ἄρχοντας
598 2367 639 2445 μή
674 2369 801 2447 δέχηται
825 2373 905 2432 κατὰ
927 2370 985 2446 τὴν
1008 2369 1139 2446 στήλην.
1168 2371 1253 2432 1650
1276 2373 1386 2435 τιῦν-

109 2481 271 2562 πατρῴων
295 2474 365 2539 οὐδ’
388 2475 490 2552 ἀκαρῖγ
515 2475 639 2552 μέτεστί
662 2457 716 2539 σοὶ
739 2478 818 2540 κατὰ
851 2476 929 2552 τοῦς
962 2476 1083 2552 νόμους
1122 2476 1178 2555 (et.
1214 2473 1273 2539 Ee.
1310 2478 1385 2544 216.

112 2587 187 2650 759.
212 2588 288 2648 944.
313 2584 387 2645 987.
414 2583 489 2646 985.
517 2579 628 2663 1077).

159 2689 188 2754 R
223 2690 284 2752 371
314 2687 490 2765 ἀνεγείρετε
514 2687 639 2765 μολπὴν
664 2689 743 2751 κατά
765 2689 959 2766 παννυχίδας
981 2690 1039 2765 τάς
1060 2686 1224 2766 ἡμετέρας,
1249 2692 1282 2754 αῖ
1314 2695 1389 2772 τῇδε

110 2795 290 2875 πρέπουσιν
313 2793 406 2873 ἑορτῇ
432 2792 596 2870 „excitate
621 2798 752 2856 cantum
783 2793 909 2858 nostris
944 2792 1124 2875 pervigiliis
1159 2796 1389 2860 accommode·

111 2904 213 2969 tum“.
239 2902 324 2964 Κατά
348 2898 510 2964 Meinekei
535 2898 645 2980 (Vind.
669 2915 701 2979 p.
729 2900 806 2981 165)
828 2899 1041 2965 coniecturae
1064 2899 1213 2978 debetur,
1230 2901 1298 2982 qui,
1322 2901 1388 2966 lle·

111 3007 243 3074 muliero
268 3013 458 3089 praeeunte,
483 3007 517 3070 in
540 3003 699 3070 librorum
723 3006 889 3086 scriptura
913 3009 964 3071 καί
985 3004 1129 3086 offendit,
1148 3023 1221 3073 eum
1238 3007 1386 3089 ineptum

110 3131 195 3193 esse,
220 3113 307 3195 quod
342 3111 514 3193 pervigilia
549 3110 685 3176 excitari
720 3111 919 3189 dicerentur,
957 3128 1047 3179 reete
1086 3113 1307 3196 intellegeret.
1345 3114 1386 3180 Ei

110 3221 259 3288 Kotkius
282 3229 317 3284 et
340 3217 507 3286 Velsenus
531 3219 751 3284 consentiunt.
777 3219 849 3296 Qua
878 3221 1059 3286 mutatione
1094 3219 1192 3298 fecte,
1227 3220 1296 3286 iere
1332 3242 1388 3288 ne·

111 3325 292 3392 cessarium
318 3330 371 3388 est
393 3341 443 3406 eu,
467 3343 550 3406 quae
575 3332 769 3406 sequuntur,
793 3327 842 3391 sie
866 3323 993 3409 refingi:
1015 3330 1075 3405 τὴν
1098 3332 1173 3410 τῇδε
1197 3331 1389 3406 πρέπουσαν

113 3435 137 3498 ἑ.
161 3431 409 3514 (11011οί1010ος
433 3451 505 3496 nam
532 3430 696 3495 Meinekei
718 3431 823 3513 ipsius
847 3435 898 3498 καὶ
920 3455 947 3497 τ.
971 3435 1164 3510 πρέπουσαν
1186 3435 1213 3498 ἑ.
1238 3435 1289 3498 vix
1305 3434 1385 3500 ferri

112 3539 248 3624 potest).
273 3535 430 3616 Videsne,
454 3545 576 3620 quanta
598 3538 717 3604 vis‘sit
740 3539 957 3606 mutationum
983 3541 1016 3606 iu
1053 3557 1116 3606 uno
1154 3541 1269 3606 versu?
1304 3541 1387 3608 111111

113 3647 329 3716 veretradita
343 3646 442 3712 lectio
460 3665 522 3712 non
547 3647 592 3710 ite
613 3647 723 3728 inepta
738 3646 986 3720 0111010060ρο
1009 3666 1068 3730 per
1092 3647 1253 3729 seipsum
1273 3652 1386 3726 ἐνετεί-

112 3775 178 3836 ρειν
201 3771 275 3818 cum
298 3755 492 3832 παννυχίδας
526 3755 578 3818 vix
604 3753 756 3835 coniungi
781 3761 901 3835 potest
926 3773 1032 3837 neque
1058 3771 1136 3821 vero
1160 3775 1232 3820 cum
1248 3754 1311 3823 hoc
1335 3761 1387 3822 est

114 3859 335 3939 coniunctum,
359 3857 417 3922 sed
440 3875 514 3922 eum
547 3861 681 3938 μολπήνς
705 3859 747 3923 ed
780 3863 975 3941 παννυχίδας
1008 3868 1120 3928 autem
1155 3879 1215 3943 per
1248 3881 1386 3944 zeugma

113 3968 247 4032 uerbum
272 3966 445 4030 universae
470 3965 615 4031 notionis
639 3966 692 4050 (ut
713 3968 832 4046 ποιεῖν)
856 3968 896 4030 ab
921 3969 1096 4047 ἀνεγείρετε
1123 3969 1297 4050 petendum
1322 3977 1385 4047 est,

113 4073 198 4156 quod
221 4072 253 4137 in
279 4072 422 4136 carmine
446 4071 526 4137 nihil
550 4071 740 4138 offensionis
762 4073 870 4168 hebet..

155 4178 213 4246 Ee.
240 4186 303 4244 114
326 4180 577 4259 ἡμῖν-ὑπάρχει
599 4184 695 4246 τοῦτο
719 4185 798 4246 κατά
820 4182 917 4261 τύχην
940 4184 1019 4247 τινά.
1044 4185 1101 4246 153
1118 4182 1177 4246 οὐκ
1192 4183 1282 4250 ἐάσω
1305 4186 1384 4250 κατά

113 4303 149 4362 γε
169 4287 228 4362 τὴν
261 4286 350 4363 ἐμήν,
385 4284 440 4348 ubi
463 4287 593 4363 γνώμην
617 4286 715 4352 simul
738 4286 845 4351 audiri
869 4287 962 4352 iubet
986 4285 1088 4354 schol.
1125 4292 1188 4352 216
1213 4290 1304 4367 τάρια
1328 4291 1383 4366 βά-

114 4407 227 4456 πτουσι
248 4397 355 4472 θερμῷ
380 4393 459 4456 κατά
481 4392 537 4456 τὸν
562 4392 697 4471 ἀρχαῖον
719 4393 830 4471 νόμον.
856 4397 919 4460 688
944 4397 993 4475 (τά
1017 4397 1157 4478 γράμμα)
1190 4395 1259 4460 καθ’
1280 4395 1298 4458 ὃ
1323 4400 1384 4460 δει-

114 4498 236 4576 πνησει.
255 4501 319 4564 759
335 4499 510 4578 ἀποφέρειν
525 4499 731 4565 αὐτά-κατά
745 4504 822 4579 τοῦς
835 4504 1049 4581 δεδογμένους
1071 4503 1204 4580 νόμους.
1223 4507 1286 4566 944
1304 4506 1383 4568 κατά

114 4605 169 4668 τὸν
191 4606 293 4684 νόμον
315 4609 412 4670 ταῦτα
435 4611 548 4672 ποιεῖν.
572 4609 635 4672 987
662 4612 740 4672 κατὰ
763 4611 821 4674 τὸν
843 4609 879 4674 ἐν
909 4614 1035 4688 πεττοῖς
1067 4611 1169 4684 νόμον
1205 4610 1384 4692 (εἰσάγειν).
