3328 5370
685 493 864 554 -οτ-
950 453 953 460 ⁴

130 659 190 743 (ε
203 659 493 746 instrumentalis),
515 661 633 744 inquit,
651 660 679 728 si
703 666 794 727 reete
810 657 1033 745 intellegatur,
1050 659 1175 727 servari
1190 665 1309 742 potest
1332 679 1425 732 nam,

128 767 298 851 plerisque
324 766 373 832 eis
397 767 489 849 locis,
514 767 571 833 ubi
594 768 650 834 ille
674 785 754 833 usus
779 766 955 845 invenitur,
987 765 1021 832 id
1046 766 1131 850 quod
1163 759 1410 851 praepositione

128 873 165 940 ἐν
190 871 416 956 significatum
441 880 501 955 est,
526 873 573 939 ita
597 869 744 958 intellegi
768 877 887 955 potest,
911 877 949 938 ut
966 873 1010 939 sit
1025 873 1276 939 instrumentum
1293 874 1345 939 vel
1362 873 1407 948 id,

132 980 229 1045 cuius
255 996 315 1062 opo
340 984 374 1044 et
396 979 667 1064 auxilioaliquid
682 979 846 1061 'efficitum
869 979 971 1046 immo
997 977 1132 1046 Latinae
1162 979 1296 1062 linguae
1326 980 1408 1046 scri<

132 1091 250 1170 ptores
274 1083 346 1150 solo
371 1085 515 1153 ablativo
537 1083 782 1155 'instrumentali
806 1088 856 1152 vel
883 1088 1130 1170 praepositione
1149 1092 1408 1168 per....utnntur,

135 1191 193 1258 ubi
215 1193 299 1258 idem
325 1191 499 1259 dicendum
520 1201 582 1275 est,
606 1195 693 1278 quod
716 1195 877 1261 Pindarus
901 1196 1150 1278 praepositione
1180 1193 1215 1260 ἐν
1238 1191 1429 1261 indicavit‘

136 1299 198 1366 Sed
221 1301 250 1366 si
274 1301 348 1382 quis
372 1302 456 1367 hanc
474 1320 535 1385 pro
556 1301 804 1385 praepositione
831 1301 1076 1368 iustrumentuli
1099 1303 1152 1369 vel
1168 1321 1228 1386 pro
1244 1301 1331 1368 nudo
1353 1303 1411 1368 da*

134 1409 201 1475 tivo
226 1409 435 1475 instrumenti
458 1408 600 1491 positam
624 1427 699 1476 esse
731 1409 828 1489 dicat,
854 1413 976 1478 errat...
1013 1407 1182 1475 Summum
1218 1410 1251 1474 in
1284 1409 1348 1473 hae
1372 1425 1409 1473 re

133 1511 299 1581 oredimus
324 1514 386 1581 hoc
411 1534 495 1582 esse.
519 1515 690 1598 Pindarus,
713 1517 770 1582 nbi
793 1515 1037 1599 praepositione
1060 1519 1096 1584 ἐν
1130 1516 1246 1589 utitur,
1284 1520 1409 1581 certam

132 1621 299 1687 rationem
325 1624 476 1706 sequitur
503 1630 601 1707 atque
625 1626 816 1706 primariam
842 1623 912 1691 eius
935 1626 1000 1689 vim
1019 1630 1121 1704 tenet;
1138 1644 1220 1707 quae
1239 1623 1290 1702 vis
1308 1625 1408 1689 etiam

132 1733 202 1792 tum
228 1731 385 1812 cognosci
408 1735 527 1814 potest,
551 1731 579 1797 si
603 1749 664 1797 nos
688 1733 973 1798 instrumentalem
998 1751 1112 1798 casum
1150 1732 1203 1796 vel
1237 1728 1407 1816 praeposi-

134 1832 258 1900 tionem
285 1843 526 1920 exspectemus;
549 1857 624 1903 nam
650 1857 748 1921 saepe
773 1840 859 1921 quod
886 1857 947 1905 nos
981 1838 1237 1904 instrumentum
1261 1854 1337 1902 esse
1361 1837 1412 1902 die

137 1941 251 2019 cimus,
277 1959 342 2024 quo
363 1943 437 2026 quis
461 1943 585 2026 aliquid
609 1941 742 2024 efficiat,
758 1944 918 2010 Pindarus
935 1947 1090 2026 tanquam
1107 1944 1216 2008 locum
1232 1943 1285 2007 vel
1308 1943 1408 2008 etiarn

137 2051 257 2113 statum
279 2048 405 2131 habuit,
430 2050 463 2116 in
488 2069 551 2132 quo
576 2052 649 2132 ipso
674 2053 761 2117 actio
785 2049 853 2116 liat.
878 2050 1114 2132 Nonnunquam
1140 2051 1308 2149 innostra
1330 2067 1410 2132 quo-

137 2173 198 2238 que
223 2161 257 2222 et
281 2156 315 2222 iu
337 2155 531 2224 Latinorum
554 2158 676 2242 linguis
699 2158 761 2222 hae
785 2158 944 2242 rationes,
966 2158 1106 2224 localem
1130 2157 1205 2223 dico
1232 2162 1265 2222 et
1289 2157 1412 2222 instro*

135 2261 323 2344 mentalem,
347 2271 553 2346 permutatae
578 2263 797 2344 inveniuntur3
823 2265 935 2330 eodem
969 2265 1043 2330 iure
1079 2270 1178 2346 atque
1212 2264 1304 2329 nullo
1338 2264 1409 2329 iere

134 2370 324 2438 discrimine
348 2372 415 2436 dici
438 2376 585 2455 possunt:
610 2371 648 2436 io
670 2392 770 2437 πιοιια
794 2391 902 2437 ensem
925 2390 1086 2452 quassare
1115 2376 1149 2435 et
1175 2390 1279 2435 moon
1304 2389 1410 2436 cosan

135 2495 309 2557 quassata
334 2477 449 2543 itidem
472 2479 642 2544 innostra
665 2478 794 2562 lingua“
822 2479 868 2561 (p.
896 2479 1050 2563 19-20).

177 2587 216 2649 A.
242 2589 306 2650 986
333 2584 452 2669 (chor.)
474 2588 531 2665 τὰς
553 2587 696 2666 χάρακας
719 2586 878 2665 ἧπτε-ἐν
900 2591 944 2670 τῷ
968 2587 1052 2664 πυρί.
1079 2585 1169 2650 Ηοοο
1193 2592 1246 2652 est
1262 2577 1409 2650 codicum

135 2689 243 2756 lectio.
267 2689 333 2757 Sed
358 2710 429 2757 cum
456 2690 592 2774 stropha
626 2697 660 2757 et
695 2691 902 2774 antistropha
934 2691 1033 2758 huius
1070 2691 1224 2758 carminis
1258 2690 1411 2773 paeonici

139 2797 387 2864 accuratissime
410 2799 498 2865 inter
520 2815 556 2865 se
579 2799 811 2880 respondeant,
846 2799 880 2865 in
904 2797 1144 2882 antistrophioo
1178 2803 1289 2863 autem
1312 2807 1411 2862 versu

136 2904 346 2986 respondenti
380 2906 454 2970 loco
479 2905 563 2971 ἅπαν
586 2905 730 2987 positum
756 2908 809 2988 sit,
833 2912 923 2972 reete
957 2905 1088 2972 videtur
1123 2895 1332 2970 Hermannus
1365 2903 1409 2968 ἔτι

135 3029 194 3094 pro
218 3013 255 3079 ἐν
279 3011 382 3078 scribi
406 3012 555 3080 iussisse.
587 3011 745 3078 Ceterum
768 3032 829 3095 per
853 3013 1020 3096 seipsum
1053 3016 1088 3079 ἐν
1121 3015 1196 3092 πυρὶ
1230 3013 1337 3078 ἅπτειν
1359 3011 1410 3076 ni-

134 3117 180 3182 hil
203 3117 315 3202 habet‚
340 3120 427 3201 quod
449 3116 720 3201 reprehendatur:
745 3137 818 3183 nam
844 3119 959 3183 eadem
981 3119 1250 3185 rationedictum
1268 3125 1411 3199 estque

135 3226 169 3290 ἐν
193 3229 270 3305 πυρὶ
294 3228 393 3292 καίειν
416 3226 468 3311 (Il.
487 3230 539 3306 24,
564 3227 633 3311 38),
656 3225 690 3293 in
708 3226 808 3292 choro
826 3232 933 3291 antem
951 3226 1130 3292 Homerica
1143 3226 1267 3292 locutio
1281 3222 1410 3290 admitti

134 3338 256 3416 potest.
285 3337 370 3398 1135
395 3335 430 3398 ἐν
453 3339 535 3418 τῷδε
559 3332 663 3418 (meir
693 3333 757 3418 χοῖ)
792 3335 874 3413 πρὸς
907 3334 984 3411 τοὺς
1020 3334 1186 3412 συμπότας
1219 3333 1410 3411 θωρήξομαι,

136 3437 191 3502 ubi
215 3439 399 3519 θωρήξομαι
423 3437 524 3505 schol.
550 3457 610 3520 per
646 3441 888 3520 μεθυσθήσομαι
921 3439 1170 3520 interpretatum
1207 3436 1410 3521 praepositio

135 3555 246 3610 autem
272 3546 406 3611 eandem
431 3545 497 3612 vim
520 3546 631 3623 habet,
657 3550 756 3629 atque
780 3547 814 3613 in
837 3547 938 3613 nivem
961 3548 996 3611 ἐν
1019 3547 1160 3632 ποτηρίῳ
1196 3555 1239 3630 (ν.
1275 3545 1411 3612 Ροοοαν.

134 3653 211 3719 Lex.
235 3651 279 3728 II,
304 3672 335 3736 p.
368 3657 432 3718 908
456 3654 517 3738 h).

180 3759 218 3825 Ε.
246 3762 310 3824 459
334 3763 392 3825 τὸν
426 3761 733 3840 tropa—onoma
765 3762 799 3825 ἐν
834 3762 987 3838 λόγοισιν.
1022 3759 1213 3828 Simillimas
1250 3762 1411 3827 dictiones

133 3867 237 3934 habes
262 3869 362 3933 etiam
387 3868 420 3931 in
443 3867 480 3937 P.
508 3871 581 3947 735,
606 3869 664 3932 Av.
690 3869 766 3947 906,
791 3868 841 3933 Pl.
865 3871 940 3945 488,
965 3868 1022 3948 ,in
1046 3867 1166 3950 quibus
1194 3869 1239 3948 id,
1266 3887 1329 3951 quo
1354 3867 1412 3932 ali*

135 3974 216 4060 quid
240 3973 393 4052 efficitur,
426 3980 582 4057 tanquam
607 3993 647 4041 ea
668 3995 723 4042 res
745 3976 894 4056 habetur,
918 3977 952 4042 in
985 3995 1048 4058 qua
1080 3975 1168 4042 actio
1205 3977 1277 4060 ipsa
1313 3993 1413 4058 appa·

134 4088 190 4150 ret
210 4083 264 4148 vel
288 4081 454 4147 cemitnr“
481 4081 679 4166 (Bosslerus
704 4103 735 4165 p.
762 4083 826 4166 21).
857 4087 940 4148 1047
968 4079 1084 4168 (τεῖχος
1115 4086 1167 4148 καὶ
1194 4085 1304 4166 ξύλον)
1328 4083 1413 4167 ἐνῷ

136 4207 176 4256 σε
201 4194 316 4255 σώζειν
338 4188 423 4254 τόνδ’
442 4185 581 4254 ὲκέλεοσ’
607 4187 625 4252 ὁ
652 4191 775 4268 Λοξίας.
956 4183 960 4194 ’

181 4296 220 4360 N.
246 4297 310 4361 286
335 4293 453 4379 (chor.)
483 4294 985 4374 ὄμμα-αἰθέρος-σελαγεῑται
1009 4295 1204 4375 μαρμαρέαις
1229 4298 1263 4360 ἐν
1298 4293 1413 4368 αὐγαῖς

140 4402 280 4488 ,oculus
304 4401 450 4468 aetheris
475 4402 598 4486 (=sol)
624 4408 780 4469 coruscat
803 4402 913 4469 lucido
937 4402 1084 4468 iubare“.

182 4511 218 4578 P.
246 4516 307 4576 735
333 4512 430 4576 αὑτὸν
454 4510 642 4596 ἐπῄνει-ἐν
672 4515 741 4589 τοῖς
764 4511 983 4588 ἀναπαίστοις.

183 4620 241 4684 Αν.
267 4621 330 4682 905
356 4617 824 4697 Νεφελοκοκκυγίαν-κλῇσον
847 4623 933 4697 τεαῖς
958 4619 993 4683 ἐν
1017 4617 1125 4698 ὕμνων
1148 4616 1283 4696 ἀοιδαῖς.
