3328 5370
858 519 1030 578 -50-

303 687 370 751 lere
388 706 425 751 ac
440 689 522 766 πρός
535 685 655 763 valeat,
670 684 763 748 cuins
782 702 860 750 usus
878 686 1026 767 exernpla
1042 684 1184 766 plurimu
1195 685 1280 768 aprul
1294 685 1392 748 verba
1412 681 1586 769 (ἀπο)βλέ-

304 813 384 873 πειν,
410 794 545 872 τρέπειν,
571 793 742 870 τρέπεσθαι
767 791 838 860 sim.
864 791 1028 858 habemus

347 899 639 984 (ἀπο)βλέπω;
677 900 716 967 Α.
741 901 781 962 32
807 900 1000 979 ἀποβλέπων
1036 901 1080 978 εἰς
1109 903 1170 965 τόν
1200 901 1310 980 ἀγρόν,
1337 902 1473 980 εἰρήνης
1501 901 1590 979 ἐρῶν,

304 1006 361 1072 ubi
384 1005 517 1073 Bachm.
542 1023 575 1088 p.
600 1009 653 1077 41,
680 1005 712 1068 ln
737 1004 878 1070 articulo
897 1004 1072 1083 offendens,
1088 1007 1201 1088 ἀποβλ.
1227 1007 1270 1086 εἰς
1296 1009 1403 1086 ἀγρόν,
1434 1007 1486 1070 ἅτ’
1512 1006 1591 1083 εῑρή-

301 1136 360 1194 νης
384 1117 467 1192 ἐρῶν
491 1114 589 1179 scribl
615 1113 705 1178 iubet
728 1114 772 1197 (v.
786 1131 869 1195 quae
883 1131 982 1194 supra
1000 1113 1140 1178 diximus
1155 1133 1186 1196 p.
1201 1115 1269 1198 40).
1287 1116 1371 1179 1112
1387 1117 1528 1195 βλέπειν
1548 1114 1587 1189 εἰς

304 1224 362 1300 τὰς
386 1223 504 1301 κίχλας.

347 1328 386 1392 E.
412 1331 488 1392 292.
514 1329 636 1407 βλέψον
663 1311 779 1407 εἴς’με.

348 1435 386 1504 N.
414 1437 475 1500 167
501 1435 544 1512 εἰς
578 1437 635 1513 τὴν
670 1442 730 1515 γῆν
765 1437 949 1516 βλέπουσιν.
990 1439 1052 1500 193
1076 1435 1094 1499 ὁ
1118 1440 1266 1516 πρωκτὸς
1290 1439 1333 1515 εἰς
1357 1440 1415 1501 τόν
1443 1435 1592 1515 οὐρανόν

309 1544 426 1622 βλέπει.
649 1568 651 1570 ·
1628 1557 1629 1560 ’

351 1649 389 1714 V.
415 1652 479 1713 613
505 1649 548 1726 εἰς
572 1651 611 1714 σὲ
636 1651 749 1729 βλέψαι
770 1651 821 1714 καὶ
844 1651 900 1714 τὸν
923 1652 1044 1730 ταμίαν.

350 1757 387 1822 Ρ.
413 1761 454 1820 56
481 1761 515 1820 et
538 1756 596 1821 Αν.
623 1761 685 1821 264
710 1758 755 1836 εἰς
778 1758 835 1821 τὸν
859 1758 1000 1835 οὐρανὸν
1022 1761 1157 1840 βλέπων.

351 1865 410 1928 Αν.
436 1867 499 1928 309
526 1861 700 1943 βλέπουσιν
725 1865 770 1941 εἰς
796 1866 835 1927 σέ
859 1863 945 1942 κάμέ.

351 1971 389 2034 R.
415 1975 479 2034 499
508 1973 629 2052 βλέψον
654 1973 698 2050 εἰς
721 1974 778 2036 τόν
802 1972 1106 2050 Ἡρακλειοξανθίαν.
1134 1976 1196 2036 562
1216 1973 1350 2052 έβλεψεν
1367 1971 1413 2050 εἴς
1430 1993 1472 2050 με
1490 1970 1589 2050 δριμύ.

310 2083 390 2144 llll
420 2080 464 2158 εἰς
487 2081 524 2143 τό
549 2082 648 2144 κακὸν
672 2079 842 2161 ἀπόβλεπε.

351 2187 412 2252 His
439 2186 563 2252 similia
593 2193 679 2253 sunt:

240 2376 243 2381 Ι
351 2293 391 2361 Ε.
419 2297 592 2359 173-174
616 2298 674 2360 τὸν
699 2295 868 2373 ὀφθαλμόν
896 2293 1071 2375 παράβαλλ’
1099 2296 1142 2375 εἰς
1168 2295 1283 2373 Καρίαν
1310 2298 1367 2359 τόν
1391 2295 1511 2375 δεξιόν,
1537 2293 1586 2356 τόν

309 2393 337 2462 δ’
364 2400 476 2479 ἕτερον
500 2401 543 2479 εἰς
569 2398 766 2482 Καρχηδόνα.

353 2505 412 2570 Εο.
439 2511 503 2571 255
528 2509 572 2587 εἰς
596 2511 693 2586 κυνός
716 2511 820 2587 πυγὴν
844 2507 939 2587 ὁρῶν.

352 2616 592 2694 τρέπομαι,
617 2617 776 2694 τρέπω;
802 2615 843 2680 V.
870 2619 933 2680 666
959 2618 1008 2680 καὶ
1030 2619 1087 2681 ποῖ
1109 2618 1255 2695 τρέπεται
1278 2619 1315 2696 δὴ
1334 2615 1432 2681 ’πειτα
1449 2617 1492 2681 τὰ
1515 2613 1587 2696 χρή·

312 2743 394 2796 ματα
420 2721 620 2801 τάλλας-εἰς
642 2722 776 2800 τούτους
800 2725 876 2801 τοὺς
899 2728 964 2788 κτλ.

356 2829 394 2899 R.
421 2832 506 2894 1248
531 2829 575 2908 εἰς
598 2832 637 2895 τὰ
661 2832 914 2909 μέλη-τραποῦ.
971 2850 976 2856 ·

353 2935 403 3000 Pl.
430 2940 491 3002 152
516 2939 572 3002 τόν
595 2939 835 3016 πρωκτόν-εἰς
871 2943 987 3003 τοῦτον
1025 2939 1159 3016 τρέπειν.
1205 2937 1295 3002 Haec
1329 2944 1380 3002 est
1410 2939 1484 3003 cod.
1510 2938 1584 3002 Rau.

310 3043 488 3126 scriptura,
522 3064 541 3108 a
576 3044 715 3111 Velseno
754 3048 786 3111 in
822 3048 1006 3130 exemplum
1042 3051 1183 3128 recepta.
1225 3045 1319 3122 Quod
1351 3035 1460 3110 autem
1487 3043 1583 3110 Mein.

310 3150 431 3233 aliique
458 3157 641 3218 ceterorum
666 3154 814 3219 ecdicum
832 3154 1008 3220 lectionem
1027 3156 1072 3231 ὼς
1088 3157 1203 3218 τοῦτον
1219 3151 1455 3234 probaverunt,
1470 3167 1580 3218 errare

310 3258 474 3322 videntur:
500 3279 662 3341 nunquam
699 3260 785 3325 enim
814 3261 937 3342 „Attici
962 3263 1007 3338 ὡς
1031 3260 1077 3324 ita
1114 3261 1328 3337 admiserunt,
1352 3265 1389 3324 ut
1412 3257 1582 3342 significet

312 3382 377 3446 qno
402 3383 517 3431 versus
542 3366 619 3448 quid
642 3367 756 3431 tendat
780 3368 832 3432 vel
856 3367 1036 3450 dirigatur“
1062 3367 1208 3454 (Bachm.
1233 3387 1262 3448 ρ.
1292 3365 1380 3449 116).

357 3471 410 3539 Fr.
436 3475 499 3536 247
524 3477 726 3553 τραπόμενον
751 3475 794 3552 εἰς
818 3476 952 3553 τοῦψον.

357 3578 477 3644 Cetera
500 3581 649 3664 exempla
672 3582 753 3645 llaec
778 3586 865 3646 sunt:
980 3598 982 3603 ’

356 3688 393 3754 Ε.
425 3692 484 3752 193
520 3689 539 3765 ἡ
577 3691 846 3769 δημαγωγία-οά
884 3693 965 3770 πρός
1000 3695 1156 3771 μουσικοῦ
1194 3689 1236 3754 ἔτ’
1259 3691 1344 3756 ἐστὶν
1368 3691 1487 3770 ἀνδρὸς
1512 3684 1583 3750 οὐδὲ

312 3800 453 3875 χρηστοῦ
489 3798 565 3874 τοὺς
600 3797 750 3875 τρόπους,
787 3797 854 3862 ἀλλ’
892 3799 936 3876 εἰς
968 3798 1072 3876 ἀμαθῆ
1098 3799 1148 3860 καὶ
1173 3799 1336 3876 βδελυρόν,
1362 3795 1415 3859 ubi
1440 3792 1584 3859 Kockius

313 3901 510 3966 audiendum
552 3901 648 3966 docet
684 3903 845 3980 ἐλήλυθεν,
876 3904 915 3967 ad
952 3902 1203 3968 usitatissimam
1246 3902 1377 3983 ellipsin
1417 3901 1582 3966 verberum

315 4010 412 4075 eundi
436 4028 619 4092 provocans
645 4010 716 4092 (Kr.
742 4011 766 4087 l,
793 4014 846 4089 62,
872 4018 901 4095 3,
923 4011 964 4091 1).
989 4009 1053 4075 6εά
1078 4011 1172 4086 longe
1197 4010 1261 4074 alia
1286 4010 1370 4074 ratio
1395 4015 1447 4076 est
1464 4022 1582 4078 eorum,

314 4137 396 4200 quus
414 4117 517 4195 affert,
535 4119 680 4183 locurum
700 4125 797 4200 atque
812 4118 920 4186 huius.
938 4119 1014 4181 Iure
1039 4118 1140 4199 igitur
1163 4118 1261 4181 Mein.
1277 4116 1387 4200 (Vind.
1401 4137 1432 4198 p.
1451 4119 1513 4200 53),
1530 4113 1583 4176 du·

313 4225 432 4303 bimus,
448 4244 489 4289 an
506 4244 570 4291 non
587 4227 856 4291 antecedentibus
874 4226 964 4290 salua
984 4230 1151 4290 structura
1176 4222 1242 4289 ἀλλ’
1269 4225 1311 4300 εἰς
1335 4224 1439 4304 ἀμαθῆ
1465 4225 1513 4288 καὶ
1538 4221 1580 4297 βδ.

314 4331 427 4396 inferri
452 4333 565 4412 possit,
581 4333 688 4397 lucum
715 4339 903 4414 corruptum
930 4352 1003 4397 esse
1030 4332 1209 4397 existimat.
1231 4331 1324 4408 Quod
1342 4349 1420 4396 uero
1448 4330 1519 4396 coll.
1537 4321 1580 4388 Pl

315 4443 378 4504 919
416 4439 515 4504 scribi
544 4438 636 4504 iubet
668 4440 734 4504 ἀλλ’
772 4440 816 4517 εἰς
852 4441 955 4519 ἀμκ.
983 4445 1029 4520 βό.
1054 4440 1129 4519 ἡκεν
1154 4435 1316 4516 κτλ.,“υου
1342 4438 1504 4503 assentior
1526 4445 1579 4497 nec

314 4547 438 4621 dubito,
477 4547 554 4627 quin
589 4546 654 4610 alia
694 4548 841 4612 comicus
878 4547 1059 4628 scripserit:
1092 4547 1173 4612 nihil
1215 4547 1301 4610 enim
1342 4545 1406 4611 loci
1445 4552 1495 4612 est
1532 4536 1578 4603 hic

315 4653 495 4734 praeterito
519 4654 716 4731 ἧκεν-657
742 4655 914 4719 ἐπένευσεν
938 4656 982 4733 εἰς
1007 4657 1130 4720 ἐκεῖνον
1154 4655 1172 4731 ἡ
1200 4655 1309 4733 βουλή.
1346 4658 1410 4720 663
1435 4644 1579 4731 έκαραδό·

318 4777 415 4838 κησεν
439 4761 483 4838 εἰς
508 4761 553 4840 ἔμ’
578 4762 597 4836 ἡ
624 4763 732 4841 βουλή.
