3298 5368
806 522 845 530 -—
876 489 936 548 tto
963 520 1003 528 -—·

271 649 341 732 prie
366 652 399 717 in
423 651 633 733 praecedenti
658 652 806 718 oratione
830 669 894 717 non
920 653 1048 732 habeat,
1084 669 1148 733 quo
1173 650 1346 715 referatur:
1371 669 1431 714 nee
1454 647 1542 713 enim

271 760 398 844 ᾄσματα
421 760 471 825 vel
506 763 582 839 μέλη
619 757 787 840 Euripidis
812 765 887 824 ante
913 763 1220 824 commemorantur.

317 863 378 931 111.
403 867 518 933 Restat
542 885 627 933 unus
650 867 744 933 locus

316 973 372 1043 hv.
398 979 477 1054 405,
501 975 555 1057 qui
579 975 613 1039 in
635 973 731 1040 libris
755 975 801 1039 ite
823 969 955 1056 legitur:
980 975 1079 1038 πόθεν
1103 975 1221 1052 ἔμολον
1244 974 1293 1038 ἐπὶ
1323 976 1393 1038 τίνα
1425 970 1452 1037 τ’
1478 975 1546 1039 ἐπί·

269 1100 361 1147 νοιαν
388 1083 449 1166 „ad
474 1083 559 1167 quod
583 1082 768 1160 consilium,
790 1081 822 1151 h.
848 1099 876 1147 e.
897 1099 960 1163 quo
987 1079 1158 1158 corrsili0“‚
1190 1081 1245 1146 uhi
1281 1083 1406 1145 temero
1442 1085 1547 1163 Berg-

269 1189 344 1255 hius
370 1207 475 1271 eoque
500 1189 583 1253 duee
608 1189 801 1253 hicineheus
824 1188 1101 1270 praepositionem
1125 1187 1326 1265 deleverunt,
1345 1207 1429 1269 quae
1443 1187 1548 1253 lectio

270 1297 504 1378 grammaticae
528 1295 593 1378 legi
627 1301 798 1378 repugnat.
833 1295 944 1378 Neque
982 1297 1068 1360 enim
1106 1295 1314 1360 accusativus
1350 1294 1442 1359 solus
1477 1293 1548 1359 ulla
1639 1297 1640 1304 ’

271 1401 485 1468 confirmatur
510 1401 669 1485 analogia,
694 1410 731 1469 ut
756 1403 805 1468 ἐπί
828 1403 1053 1468 necessarium
1078 1403 1122 1468 sit
1140 1403 1181 1466 ad
1202 1401 1373 1468 consilium
1390 1401 1544 1466 veniendi

273 1509 492 1575 indicandum.
517 1509 665 1575 Metricis
688 1516 798 1574 autem
821 1507 1069 1575 difficultatibus
1102 1514 1139 1573 ut
1173 1510 1376 1584 medeamur,
1413 1507 1445 1572 in
1480 1509 1547 1572 ἐπί-

274 1641 366 1684 νοιαν
389 1618 623 1701 ‹liphthongum
650 1624 835 1700 correptam
861 1637 934 1683 esse
959 1619 1137 1700 putandum
1162 1623 1213 1681 est
1236 1617 1287 1700 (V.
1313 1616 1437 1698 Koch.):

563 1851 716 1927 B.Eni
750 1870 777 1914 c
815 1847 901 1914 dat
938 1850 1259 1928 coniunctum,

316 2031 342 2097 I.
369 2029 485 2095 Loculi
509 2050 608 2096 sensu

320 2141 350 2222 l)
376 2139 502 2220 Aliquid
528 2139 625 2204 alicui
650 2139 698 2203 rei
724 2139 775 2202 vel
801 2156 962 2219 personae
987 2137 1179 2219 impositum
1203 2138 1240 2200 io
1257 2155 1442 2202 samaraeo
1458 2156 1545 2203 com·
1641 2157 1642 2172 ¹

272 2245 393 2310 morari
418 2245 468 2309 vel
487 2246 645 2310 universe
671 2264 709 2310 ea
732 2245 792 2310 niti
817 2251 875 2311 eut
910 2245 955 2310 ibi
992 2244 1065 2309 fieri
1098 2245 1270 2327 significat,
1311 2246 1396 2326 quod
1432 2243 1546 2310 Latine
1642 2319 1643 2340 χ

274 2355 414 2434 „super“
439 2353 687 2435 praepositione
711 2359 809 2434 atque
834 2353 967 2434 saepius
1002 2353 1075 2433 „in“
1112 2370 1138 2416 c.
1176 2353 1252 2430 abl„
1290 2353 1426 2419 Rossiee
1463 2355 1546 2434 „ee“

274 2477 346 2523 cum
371 2475 448 2524 casu
485 2460 759 2540 praepositionaii
794 2460 995 2541 exprimitur.
1031 2459 1157 2524 Eodem
1192 2457 1378 2541 significatu
1414 2456 1546 2540 saepius

272 2566 320 2630 ἐπί
345 2585 372 2629 c.
396 2581 470 2646 gen.
495 2570 685 2649 usurpatur,
707 2583 939 2648 nonnunquam
964 2565 1063 2629 etiam
1088 2565 1122 2630 ἐν
1147 2566 1193 2650 (ρ.
1221 2567 1286 2650 17).
1313 2565 1469 2632 Personis
1492 2569 1543 2629 tar

271 2679 398 2737 tantum
423 2672 611 2738 adiunctum
636 2679 696 2739 est:
723 2673 759 2738 R.
785 2677 815 2741 9.
841 2677 936 2740 1046.
961 2672 1009 2737 Pl.
1039 2676 1111 2738 185.

317 2782 355 2849 Α,
382 2785 444 2845 504
469 2781 543 2846 οὑπὶ
567 2782 830 2869 Ληναίῳ-ἀγών
853 2782 944 2863 „ludi
968 2781 1081 2863 quiin
1105 2779 1237 2846 Lenaeo
1261 2780 1374 2846 fiunt“.
1392 2784 1458 2844 510
1475 2782 1547 2846 οὑπὶ

275 2888 422 2972 Ταινάρῳ
447 2889 531 2966 θεός.

317 2993 356 3056 Ε.
381 2997 558 3059 ton-403
576 2995 665 3079 (lyr.)
687 2994 714 3058 ὠ
730 2997 802 3074 περὶ
818 2991 909 3058 πάντ’
927 2993 976 3059 ἐπὶ
993 2996 1071 3060 πᾶσί
1087 2989 1122 3058 τέ
1136 2994 1297 3074 πράγμασι
1316 2996 1546 3072 δωροδόκοισιν

276 3098 324 3165 ἐπ’
350 3101 480 3166 ἄνθεσιν
502 3102 590 3178 ἵζων,
615 3120 711 3183 quem
736 3103 845 3167 iocum
869 3102 954 3164 male
979 3102 1058 3165 mihi
1076 3102 1205 3166 videtur
1222 3099 1368 3166 Kochius
1384 3103 1546 3184 interpre-

273 3213 362 3272 tatus
380 3226 464 3287 esse,
490 3226 562 3273 cum
588 3211 669 3275 haec
691 3216 873 3275 annotaret:
894 3211 983 3290 „sepi
1000 3210 1111 3289 πάντα,
1126 3227 1191 3291 erg.
1206 3213 1287 3273 etwa
1303 3211 1480 3286 ποτώμενε,
1493 3210 1546 3271 her

274 3316 316 3378 du
341 3335 395 3379 um
419 3313 500 3381 alies
524 3317 584 3381 her
608 3323 749 3382 srrrumst
771 3317 836 3383 und
862 3317 915 3381 bei
937 3317 1030 3398 jeder
1055 3316 1270 3396 Gelegenheit
1294 3315 1358 3399 (ἐπὶ
1381 3321 1473 3395 πᾶσι,
1491 3317 1546 3380 wie

275 3423 324 3486 ἐπὶ
348 3426 480 3501 πολλοῖς
504 3424 583 3504 411)
608 3424 665 3488 auf
685 3425 747 3490 don
772 3425 910 3489 Blumen
935 3425 992 3487 rior
1017 3421 1226 3505 Resteehung
1251 3424 1368 3488 sitaest
1391 3424 1457 3488 ιιιιιλ
1492 3440 1547 3488 aus

274 3531 373 3594 ihnen
397 3530 514 3594 deinen
538 3531 647 3613 ilonig
672 3535 819 3618 saugst“.
845 3531 924 3595 Nam
950 3537 988 3596 ut
1011 3534 1081 3611 περὶ
1104 3533 1218 3610 πάντα,
1255 3531 1308 3594 uhi
1335 3547 1399 3611 qcra
1422 3529 1546 3595 rationo

274 3643 330 3701 aut
353 3640 439 3702 unrle
464 3639 569 3702 arrdiri
594 3639 702 3720 possit
731 3641 894 3720 ποτώμενε
919 3657 959 3704 ne
985 3640 1177 3704 coniectura
1213 3639 1345 3720 quidem
1380 3655 1546 3720 assequor,

273 3748 310 3807 ut
332 3746 403 3821 περὶ
424 3745 537 3824 πάντα,
563 3745 704 3827 inquam,
731 3747 772 3810 acl
795 3747 872 3813 ἵζων
896 3747 994 3812 locali
1023 3744 1211 3827 significatu
1229 3746 1338 3828 „circa
1364 3746 1475 3811 omnia
1499 3762 1547 3808 se·

274 3851 376 3915 dens“
400 3850 517 3915 reterri
542 3863 678 3918 necesse
703 3858 762 3930 est,
787 3855 834 3918 ita
858 3857 908 3920 ἐπὶ
936 3860 1015 3920 πᾶσι
1047 3856 1220 3936 πράγμασι,
1259 3858 1349 3917 arcte
1386 3853 1547 3933 particula

274 3959 307 4021 τέ
332 3974 404 4021 cum
428 3960 498 4035 περὶ
522 3959 625 4023 πάντα
650 3960 872 4035 coniunctum,
898 3961 1006 4025 locum
1032 3958 1220 4041 significare
1244 3959 1341 4024 doiret
1373 3957 1426 4040 „in
1449 3957 1548 4023 omni-

275 4067 335 4128 hus
360 4066 500 4147 negotiis
525 4067 696 4152 (parthicis)
723 4071 874 4134 soriens“.
901 4069 961 4133 ilia
986 4073 1094 4134 autem
1120 4073 1238 4148 δωροδ.
1264 4064 1311 4133 ἐπ’
1338 4067 1407 4137 ἄνθ.
1434 4087 1474 4131 ex
1493 4085 1547 4131 no-

274 4172 403 4237 tissima
427 4172 657 4256 Aristophanis
683 4178 921 4243 consuetudine
947 4177 1035 4241 dicta
1071 4195 1143 4242 esse
1168 4181 1246 4259 puto
1271 4193 1330 4257 pro
1354 4176 1466 4254 rhoeteo
1489 4181 1549 4240 δω-

277 4284 345 4357 ροδ.
371 4276 420 4344 ἐπ’
445 4281 513 4346 ἄνθ.
539 4284 589 4346 vel
603 4284 713 4364 potius
730 4303 790 4365 pro
812 4290 1009 4362 δωροδοκῶν
1027 4287 1137 4363 ὥσπερ
1153 4284 1201 4350 ἐπ’
1214 4285 1283 4350 ἄνθ.
1318 4303 1475 4364 „mouera
1501 4303 1549 4348 ca-

274 4394 371 4468 ptans
396 4389 532 4455 sessitas
546 4395 583 4454 ut
599 4390 670 4472 apis
692 4391 721 4454 in
746 4392 914 4458 flor·ihus“:
931 4413 1003 4459 nam
1024 4394 1192 4477 epitheton
1211 4391 1425 4471 δωροδόκοισι
1443 4397 1547 4476 (prae-

275 4501 327 4559 ter
352 4496 629 4576 exspectationem
655 4515 715 4577 pro
741 4500 904 4578 ῥοδέοισιν
928 4503 980 4566 vei
1005 4502 1103 4566 simili
1130 4502 1263 4573 dictum.
1289 4521 1319 4568 ν.
1345 4501 1547 4585 Bahhuynen.

275 4621 306 4683 p.
333 4602 390 4686 32)
414 4621 474 4684 per
497 4604 699 4686 hyperbaton
723 4608 821 4672 verbo
847 4609 977 4674 ἄνθεσιν
1001 4610 1189 4674 adiunctum
1215 4614 1274 4687 est,
1304 4629 1377 4674 cum
1417 4611 1545 4693 proprie
