3326 5372
679 475 877 540 -arr-

132 661 234 717 νους.
277 641 360 704 1169
386 641 539 719 μυστίλας
574 641 845 719 μεμυστιλημένας
879 640 943 705 ὑπὸ
977 645 1034 720 τής
1068 644 1155 711 θεού,
1197 643 1281 706 1290
1306 642 1362 724 ὑφ’
1384 644 1423 709 ού

138 744 252 824 ’δέησέ
278 747 302 822 μ’
330 746 483 823 ἡττᾶσθαι
508 747 619 825 μόνου.
646 747 732 810 1398
759 747 822 812 ύπὸ
846 748 1029 826 τερηδόνων
1055 753 1206 816 σαπεῑσα.

188 869 225 934 N.
248 873 310 936 170
333 871 463 950 γνώμην
498 871 637 949 μεγάλην
671 871 817 954 ἀφῃρέθη
852 867 905 938 ἀπ’
941 873 1187 954 ἀσκαλαβώτου.
1225 877 1289 938 213
1313 875 1423 940 ὑπό-

136 977 235 1056 ήμῶν
258 977 421 1055 παρετάθη
446 978 497 1041 καὶ
518 976 724 1054 Περικλέους.
750 980 815 1040 240
840 975 1054 1044 ἀπὸ-τόκων
1076 981 1228 1059 χρήστων
1251 999 1284 1043 τε
1305 983 1424 1045 δυσκο-

139 1088 297 1152 λωτάτων
332 1085 457 1162 ἄγομαι,
494 1086 642 1165 φέρομαι,
678 1087 718 1150 τό
752 1082 884 1164 χρήματ’
920 1085 1156 1167 ἐνεχυράζομαι,
1182 1105 1246 1168 qno
1269 1087 1343 1153 looo
1367 1105 1421 1154 res

135 1213 216 1261 cunr
242 1211 386 1274 persona
411 1191 588 1258 coniuncta
610 1199 671 1268 est,
702 1193 766 1256 etsi
798 1193 1024 1274 praedieatum
1056 1192 1097 1257 ad
1119 1211 1292 1275 personam
1318 1193 1422 1261 solam

139 1301 263 1367 reterri
287 1317 404 1366 sensus
429 1300 613 1364 communis
638 1298 735 1363 iubet.
766 1295 905 1364 524’όπ’
931 1300 1058 1377 ἀνδρῶν
1081 1307 1244 1379 φορτικῶν
1267 1302 1423 1383 ἡττηθείς.

142 1411 210 1472 624
234 1402 292 1486 ὑφ’
316 1406 408 1486 ἡμῶν
430 1397 502 1472 τῶν
520 1411 605 1472 θεῶν
627 1408 684 1471 τόν
709 1407 876 1485 στέφανον
899 1407 1056 1490 ἀφῃρέθη.
1082 1408 1147 1471 640
1171 1405 1224 1473 ὑπ’
1240 1410 1423 1490 ἀλφιταμοι-

143 1521 204 1596 βού
229 1516 416 1592 παρεκόπην
441 1516 615 1599 διχοινίκῳ..
634 1517 697 1578 ’125
722 1515 786 1579 ύπὸ
806 1518 871 1579 τῶν
894 1516 1018 1592 κόρεων
1042 1513 1070 1578 εἴ
1094 1515 1155 1593 μού
1178 1538 1206 1580 τι
1224 1519 1427 1596 περιλειφθή-

141 1639 244 1690 σεται.
281 1625 345 1685 947
370 1623 580 1700 κεντούμενος
604 1623 715 1698 ὥσπερ
740 1620 792 1685 ὑπ’
816 1621 984 1698 ἀνθρηνῶν
1008 1622 1071 1685 ὑπὸ
1094 1626 1160 1686 τῶν
1183 1628 1323 1701 γνωμῶν
1347 1624 1425 1688 ἀπο·

140 1732 250 1795 λείται.
276 1728 326 1793 Ad
352 1729 383 1793 h.
401 1727 424 1792 l.
448 1727 639 1794 Meinekeus
667 1727 780 1812 (Vind.
805 1744 836 1809 p.
863 1727 917 1810 16)
941 1728 1021 1792 haec
1046 1729 1225 1794 annotavit:
1253 1730 1423 1812 „Alterum

141 1835 208 1902 ύπό
243 1833 323 1898 mihi
359 1842 473 1899 contra
507 1852 603 1899 usum
637 1835 784 1899 additum
822 1851 895 1898 esse
931 1833 1112 1908 videbatur,
1147 1834 1424 1919 seribendumque

143 1959 220 2008 esse
255 1941 448 2024 suspicabar
488 1947 546 2006 aut
579 1946 644 2005 τῶν
682 1943 862 2019 γνωμιδίων
900 1943 1063 2006 ἀπολεῖται
1097 1947 1155 2007 ant
1188 1947 1253 2007 τῶν
1286 1950 1424 2021 γνωμῶν

142 2053 355 2116 έξαπολεῑται.
380 2048 444 2114 Sed
467 2047 562 2116 uideo
585 2065 672 2112 nuno
698 2048 824 2112 servari
840 2065 940 2129 posse
959 2048 1080 2114 editam
1098 2050 1307 2130 scripturam,
1324 2052 1425 2115 modo

143 2161 236 2223 recte
272 2156 372 2220 verba
404 2155 655 2238 coniungantur,
682 2157 743 2218 ύπό
777 2160 843 2219 τῶν
877 2159 1014 2233 γνωμῶν
1039 2157 1213 2241 ἀπολεῖται,
1237 2157 1348 2235 ὥσπερ
1372 2153 1426 2223 ὑπ’

143 2265 316 2340 ἀνθρηνῶν
340 2263 585 2340 κεντούμενοςί.
617 2261 656 2325 Ιιι
679 2259 730 2326 bis
755 2260 885 2341 quidem
911 2260 1123 2326 vehementer
1147 2263 1274 2329 erravit
1296 2264 1347 2327 vir
1371 2263 1427 2328 do-

147 2369 329 2435 ctissimus.
354 2367 434 2432 Nam
460 2367 509 2434 sic
532 2371 635 2433 verba
659 2367 813 2449 coniungi
837 2385 901 2432 non
926 2384 1034 2449 posse,
1047 2369 1105 2435 sed
1120 2371 1184 2434 ὑπὸ
1200 2375 1267 2435 τῶν
1282 2393 1330 2448 γν.
1348 2389 1427 2452 quo·
1495 2443 1502 2454 ,

143 2494 209 2559 que
234 2475 275 2539 ad
301 2476 512 2553 κεντούμενος
535 2476 712 2556 pertinere,
731 2473 837 2556 quivis
863 2475 1074 2554 connodato
1098 2482 1202 2541 toturn
1226 2477 1336 2542 locum
1352 2496 1427 2560 per·

142 2582 267 2666 legerit
288 2583 339 2663 (rb
375 2581 557 2658 πρόσωπον
591 2582 677 2646 ἅπαν
714 2584 764 2645 καὶ
794 2583 977 2662 τώφθαλμὼ
1002 2584 1212 2662 κεντούμενος
1236 2585 1347 2663 ὥσπερ
1374 2583 1428 2652 ὑπ’

145 2690 318 2767 ἀνθρηνῶν
341 2689 404 2752 ὑπὸ
427 2694 493 2753 τῶν
516 2693 655 2767 γνωμῶν
678 2689 866 2768 ἀπολείται);
890 2689 986 2754 mitto
1003 2690 1101 2770 enim,
1114 2690 1199 2772 quod
1223 2691 1334 2768 ὥσπερ
1357 2698 1427 2756 tunt

144 2796 213 2862 alio
233 2795 306 2860 loco
330 2796 518 2875 ponendum
543 2801 628 2872 erat,
643 2795 700 2860 sed
715 2814 801 2876 quae
816 2796 897 2859 haeo
922 2797 1086 2862 sententio
1103 2803 1165 2861 est:
1189 2814 1231 2877 „a
1254 2799 1427 2863 sententiis

145 2902 231 2970 mois
267 2902 400 2984 peribit,
425 2901 518 2983 quasi
554 2898 760 2966 tota'facies
788 2901 862 2966 eius
886 2900 1038 2984 oculique
1063 2923 1081 2966 a
1106 2903 1320 2968 crabronibus
1342 2923 1427 2969 com·

144 3008 376 3096 pungantur“?
402 3008 673 3091 coniungendam
711 3008 822 3090 igitur:
857 3011 1066 3090 κεντούμενος
1101 3013 1164 3076 ὑπὸ
1191 3016 1258 3076 τῶν
1280 3017 1427 3089 γνωμῶν,

146 3120 260 3196 ῶσπερ
285 3114 337 3183 ὑπ’
363 3118 543 3196 ἀνθρηνῶν.
567 3118 681 3198 Neque
705 3123 817 3180 tamen
841 3115 908 3181 ulla
932 3117 1124 3183 coniectura
1150 3135 1232 3199 opus
1257 3124 1317 3182 est.
1346 3117 1427 3182 Nanr

147 3226 298 3308 quamvis
335 3223 524 3306 frequenter
559 3225 593 3288 in
616 3223 741 3289 talibus
766 3223 872 3288 altera
899 3225 1102 3305 praepositio
1126 3227 1306 3304 omittatur,
1321 3231 1430 3292 tamen

147 3339 202 3398 est
235 3331 289 3396 ubi
327 3334 477 3397 iteretur:
501 3353 531 3396 v.
560 3331 619 3399 Kr.
654 3331 680 3416 1,
707 3334 758 3411 68,
786 3337 815 3392 8.
844 3328 973 3396 Kuehn.
997 3331 1039 3407 11,
1064 3331 1082 3416 ᾖ
1106 3335 1182 3410 451,
1206 3333 1236 3400 6,
1262 3330 1426 3397 Wohlrab.

148 3458 222 3504 ann.
248 3439 289 3503 ad
311 3439 394 3503 Plat.
419 3439 585 3505 Phaedon.
622 3441 662 3502 67
689 3439 727 3500 D.
754 3437 860 3502 ¹iliter
896 3437 1038 3503 Cobetus
1066 3438 1104 3502 V.
1129 3436 1164 3502 L.
1189 3457 1220 3520 p.
1248 3440 1310 3502 163
1336 3457 1430 3521 sq.—

149 3551 212 3612 997
240 3548 328 3630 μήλῳ
354 3550 480 3624 βληθεὶς
512 3548 575 3611 ὑπὸ
606 3547 784 3624 πορνιδίου.
813 3547 895 3608 1341
921 3546 979 3608 τὸν
1002 3547 1124 3622 πατέρα
1146 3545 1429 3610 τύπτεσθαι-ὑπὸ

147 3659 213 3719 τῶν
241 3654 347 3717 υἱέων.
396 3718 399 3722 ,

194 3779 234 3842 V.
261 3783 323 3847 319
348 3780 612 3859 τηροῦμαι-ὑπό
636 3783 747 3844 τῶνδε.
785 3783 850 3843 439
875 3777 927 3842 ὑπ’
950 3778 1077 3856 ἀνδρῶν
1111 3779 1284 3858 βαρβάρων
1307 3777 1431 3857 χειρού-

148 3908 255 3967 μενον.
281 3889 344 3949 517
369 3881 731 3964 καταγελώμενος-ὑπ’
757 3886 896 3964 ἀνδρῶν.
934 3887 996 3948 699
1022 3887 1085 3951 ὑπὸ
1120 3889 1186 3950 τῶν
1215 3887 1262 3950 ἀεὶ
1286 3885 1431 3963 δημιζόν-

148 3993 499 4072 των-ἐγκεκύκλησαι.

193 4115 229 4184 Ρ.
256 4119 320 4182 380
345 4118 408 4182 ὑπὸ
431 4121 488 4182 τού
514 4117 594 4196 Διὸς
629 4118 927 4198 ἀμαλδυνθήσομαι.
962 4119 1025 4182 449
1051 4117 1183 4197 ληφθεὶς
1202 4117 1265 4181 ὑπὸ
1289 4120 1429 4200 λῃστῶν.

194 4244 253 4306 λν.
279 4246 341 4308 285
367 4244 695 4322 ὑπὸ-συκοφαντῶν
717 4243 860 4308 τίλλεται.
886 4245 951 4308 338
965 4236 1303 4323 διαφορηθῆναι-ὑφ’
1329 4241 1431 4320 ἡμῶν.

152 4350 268 4416 35519
295 4353 357 4416 ὑπὸ
380 4351 506 4416 τούτων
530 4355 731 4432 διαφορηθῶ.
751 4351 836 4413 1086
851 4352 1092 4430 συλληφθέντες
1116 4350 1178 4414 ύπό
1203 4353 1268 4413 τῶν
1292 4346 1431 4428 ὀρνέων.

154 4458 238 4521 1299
262 4456 312 4522 ὑπ’
337 4456 828 4542 ὀρτυγοκόπου-πεπληγμὲνῳ.
856 4459 941 4522 1383
965 4459 1029 4524 ὑπὸ
1053 4458 1114 4522 σού
1138 4455 1321 4535 πτερωθείς.
1349 4459 1432 4522 1492

150 4566 283 4643 πληγεὶς
308 4561 361 4628 ὑπ’
386 4565 497 4631 αὐτοῦ.

1274 4683 1328 4746 14·
