3326 5372
642 481 838 542 -169-

94 641 332 708 coniecturam
358 645 403 709 ἑνί
426 661 486 725 pro
510 645 561 709 ἐπί
583 645 776 726 accepisset,
807 645 841 710 in
877 644 1038 712 Vindiciis
1078 648 1123 727 (p.
1162 647 1216 730 99)
1252 647 1382 716 Kochio

93 752 301 830 assentitur,
332 751 506 818 librorum.
528 753 726 834 scripturam
762 753 941 832 revocanti,
978 753 1143 836 adscripto
1180 754 1256 822 loco
1292 756 1384 822 Auti-

91 859 243 938 phontis
269 863 299 933 ό,
325 864 356 923 6.

142 965 181 1048 9)
211 965 308 1030 Haud
332 983 407 1031 raro
442 967 492 1030 ἐπί
525 983 554 1030 c.
579 965 644 1030 dat.
669 965 702 1031 in
738 985 777 1031 eo
813 965 944 1042 dicitur,
979 972 1111 1032 coatro'
1130 987 1225 1051 quem
1264 969 1384 1052 aliquis

93 1069 234 1153 aliquid
257 1071 385 1139 intenso
409 1073 517 1136 onium
542 1073 619 1155 ogit
645 1071 789 1137 Eandem
827 1073 1100 1156 significationem
1141 1080 1295 1156 ,conum
1335 1079 1386 1145 ἐπί

94 1194 178 1242 curn
207 1197 277 1246 ace.
303 1197 431 1262 quoque
456 1179 664 1244 coniunctum
684 1179 805 1245 babere
823 1199 924 1262 supra
941 1181 1092 1250 vidimus:
1115 1182 1176 1246 hoc
1192 1183 1384 1266 plerumque

94 1285 261 1352 hostilem
285 1291 422 1364 motum,
446 1285 527 1350 illud
552 1285 704 1352 infestam
728 1287 890 1352 actionem
915 1286 1145 1369 infensumque
1166 1289 1308 1356 animum
1329 1291 1384 1356 de-

94 1394 228 1474 signat.

145 1501 189 1570 A.
217 1506 281 1566 660
305 1505 370 1566 πᾶν
394 1500 441 1566 ἐπ’
464 1501 534 1580 ἐμοὶ
557 1501 767 1566 τεκταινέσθω
795 1499 976 1583 „quidlibet
998 1502 1157 1570 adversus
1173 1521 1226 1570 ure
1245 1506 1385 1574 σίτοιό.

145 1607 190 1672 Ε.
218 1613 281 1674 236
305 1606 442 1685 barb-'at
464 1614 509 1691 τῷ
534 1608 623 1692 δήμῳ
647 1608 853 1687 ξυνόμνυτον.

146 1715 194 1780 V.
221 1721 306 1780 1040
330 1717 379 1780 ἐπὶ
401 1718 503 1780 τοῖσιν
527 1714 727 1794 ἀπράγμοσιν
752 1716 840 1794 ὑμῶν
864 1716 1067 1796 ἀντωμοσίας
1085 1722 1150 1782 κτλ.
1170 1720 1384 1786 συνεκόλλων.

146 1821 189 1886 Ρ.
212 1826 278 1886 620
302 1823 519 1901 ἠγριωμένους
543 1820 591 1885 ἐπ’
615 1822 789 1901 ἀλλήλοισι.
815 1824 876 1888 621
902 1821 993 1890 πάντ’
1018 1825 1213 1904 ἐμηχανῶντ’
1228 1825 1280 1904 ἐφ’
1299 1827 1383 1905 ὑμῖν.

149 1932 210 1996 Αν.
235 1934 300 1994 334
323 1932 417 2008 γένος
441 1924 671 1994 ἀνόσιον-ἐπ’
695 1932 764 2008 ἐμοὶ
778 1931 930 2009 πολέμιον
946 1932 1081 2011 ἐτράφη,
1105 1931 1161 1996 ubi
1179 1932 1382 2014 praepositio

101 2055 258 2117 nragnam
282 2036 514 2102 dubitationem
538 2035 646 2100 habet:
669 2054 744 2100 nam
768 2041 801 2101 et
817 2035 993 2119 singularis
1020 2039 1225 2104 constructio
1250 2044 1309 2114 est,
1351 2044 1384 2104 et

102 2150 249 2210 metrum
274 2143 377 2208 totius
401 2141 467 2208 loci
489 2142 627 2208 laborat.
656 2146 718 2206 526
743 2140 795 2222 ἐφ’
825 2145 1051 2223 ὑμῖν-ἵστησι
1076 2147 1225 2225 βρόχους.
1309 2207 1312 2216 ,

155 2253 209 2335 10)
234 2252 407 2316 Postremo
433 2250 503 2316 loco
528 2268 566 2315 ea
591 2248 882 2330 exemplaponam,
898 2251 1067 2333 inquibus
1084 2253 1134 2318 ἐπί
1158 2271 1228 2318 rom
1247 2252 1382 2330 indicat,

105 2377 204 2441 quam
229 2359 353 2441 aliquid
375 2358 579 2437 consequitur
600 2355 749 2444 („post“‚
775 2359 912 2438 „uocata
937 2360 1067 2434 ambus
1092 2363 1175 2442 οὐ).

154 2467 191 2530 Α.
220 2469 258 2529 13
284 2466 393 2544 ἕτερον
416 2467 532 2546 ἥσθην,
554 2463 633 2540 ἡνίκ’
656 2465 705 2530 ἐπὶ
732 2465 855 2551 Μόσχῳ
880 2469 957 2532 ποτὲ
979 2467 1131 2546 Δεξίθεος
1154 2468 1276 2546 εἰσῆλθ’
1300 2468 1379 2551 otoo·
1412 2489 1416 2497 ·

107 2593 204 2652 μενος
229 2573 391 2651 Βοιώτιον,
415 2573 470 2636 uhi
495 2573 609 2637 schol:
635 2571 704 2637 ἀντὶ
726 2575 783 2638 τοῦ
808 2575 887 2652 μετὰ
907 2575 966 2639 τὸν
989 2574 1135 2654 Μόσχον.
1161 2574 1201 2652 ἦν
1224 2577 1259 2645 δὲ
1283 2574 1380 2652 οὗτος

107 2683 234 2759 φαῦλος
259 2680 446 2764 κιθαρῳδός,
470 2682 573 2744 πολλὰ
595 2680 749 2746 ἀπνευστὶ
772 2680 870 2763 ᾄδων.
903 2679 958 2758 Εἰς
991 2681 1029 2746 τό
1061 2679 1150 2747 οιίτό.
1187 2679 1206 2742 ό
1244 2680 1380 2760 Μόσχος

109 2787 287 2873 κιθαρῳδός
311 2783 565 2864 Ἀκραγαντῖνος.
589 2787 671 2864 τινὲς
694 2786 809 2863 οὕτως,
831 2787 879 2852 ὅτι
902 2784 922 2850 ὁ
944 2787 1079 2866 νικήσας
1103 2787 1203 2870 ᾆθλον
1220 2787 1379 2865 ἐλάμβανε

110 2892 266 2972 μόσχον..
291 2889 310 2952 ὁ
334 2891 368 2954 δὲ
393 2890 546 2977 Δεξίθεος
570 2889 700 2968 ἄριστος
721 2893 900 2973 κιθαρῳδὸς
925 2892 976 2954 καί
999 2893 1202 2972 Πυθιονίκης.
1223 2892 1253 2956 οἱ
1269 2894 1304 2957 δὲ
1321 2913 1382 2972 ψυ-

110 2999 187 3076 χρόν
210 2999 307 3063 αὺτὸν
331 2996 411 3062 εἶναί
432 3013 545 3077 φασιν.
571 2995 716 3073 Quarum
743 2997 1051 3078 interpretationum
1076 2999 1141 3066 alia
1159 3000 1198 3064 ab
1216 2999 1289 3066 aliis
1308 3017 1384 3080 pro·

111 3105 215 3168 batur.
241 3103 400 3187 Equidem
426 3103 516 3168 illam
541 3103 688 3185 priorem
712 3104 808 3170 unice
832 3123 945 3172 veram
962 3124 1036 3172 esse
1053 3106 1217 3187 existimo,
1242 3107 1383 3190 primum

111 3211 196 3291 quod
220 3213 259 3276 de
284 3211 396 3293 vitulo,
420 3211 557 3276 victoris
581 3211 739 3292 proemio,
764 3212 890 3276 nullum
914 3231 953 3277 ex
977 3218 1046 3278 tota
1069 3215 1266 3296 antiquitate
1291 3214 1383 3278 testi·

112 3319 253 3382 monium
277 3313 445 3395 affer-curt
472 3317 589 3382 deinde
614 3317 700 3399 quod
725 3318 851 3384 Moschi
885 3319 1027 3400 patriam
1057 3320 1237 3402 vitiumque
1263 3321 1382 3403 (πολλὰ

113 3425 260 3491 ἀπνευστὶ
283 3426 385 3509 ᾄδων)
410 3415 623 3490 scholiastam¹
643 3425 848 3507 excogitasse
883 3445 999 3507 parum
1034 3427 1202 3508 probabile
1227 3433 1289 3509 est;
1313 3433 1381 3492 tum

112 3533 193 3612 quod
218 3532 342 3597 blosohi
367 3551 484 3597 nomen
509 3532 607 3597 ctiam
633 3533 665 3597 io
691 3533 900 3614 proverbium
925 3533 1007 3598 abiit
1029 3533 1180 3618 (Μόσχος
1204 3537 1293 3618 ᾄδων
1314 3536 1384 3598 Βοι-

113 3642 203 3705 ώτιον
227 3639 313 3724 apud
340 3640 543 3720 dpostolium
572 3642 713 3723 11,74);
752 3639 891 3722 denique
916 3641 1001 3722 quod
1035 3640 1116 3706 hacc
1151 3641 1383 3726 interpretatio

113 3747 151 3810 ad
175 3747 331 3814 rationem
357 3747 421 3812 loci
444 3746 617 3829 aptissima
640 3752 700 3813 est:
725 3767 799 3814 nam
825 3751 860 3812 ut
884 3747 916 3813 in
936 3747 1379 3830 praecedentibusversibus

114 3853 180 3924 llir.
206 3875 264 3920 cor
286 3853 350 3920 sibi
375 3856 556 3919 cruciatum
582 3873 655 3920 csso
679 3856 736 3936 ait,
760 3875 831 3921 cum
859 3857 1017 3937 optimum
1034 3863 1165 3938 poetam
1186 3853 1379 3940 Aeschylum

113 3965 214 4029 ricolus
238 3983 276 4028 oc
302 3963 437 4046 frigidus
462 3969 596 4028 secutus
621 3969 719 4042 osset,
744 3966 790 4029 ita
814 3965 865 4030 bic
890 3965 1088 4030 delectatum
1124 3985 1158 4030 so
1191 3983 1263 4030 esse
1290 3965 1380 4044 dicit,

115 4089 181 4136 carm
207 4072 292 4137 molo
310 4071 497 4136 citharoedo
517 4072 651 4137 Moscho
670 4071 889 4138 successisset
907 4073 1050 4154 optimus
1074 4072 1260 4138 lleuitlums.
1282 4074 1381 4137 dcco·

114 4175 157 4241 dit
180 4180 276 4260 quod,
301 4179 329 4244 si
353 4180 391 4242 ‹lo
416 4179 519 4243 vitulo
544 4184 706 4260 ageretur,
733 4182 820 4261 quod
840 4181 994 4246 usitatum
1012 4181 1193 4264 praemium
1219 4180 1382 4246 citharoe-

117 4363 315 4381 Ἢ

146 4455 237 4510 *dte
256 4471 310 4522 quo
329 4455 439 4512 olinude
457 4471 510 4510 non
528 4461 633 4510 coarctat
652 4471 700 4509 nec
718 4471 768 4524 per
789 4471 818 4510 se
845 4455 993 4523 probabilis
1022 4453 1131 4508 videtur
1149 4469 1194 4510 ros
1222 4469 1291 4524 esse,
1318 4471 1378 4510 eum

114 4545 272 4602 citharoedis
284 4548 309 4599 iu
324 4563 409 4614 agone
423 4547 589 4601 vincentibus
600 4545 784 4602 truculentiora
796 4548 917 4615 proemia
930 4546 990 4600 dari
1001 4545 1081 4598 solita
1096 4543 1198 4598 luerint
1207 4544 1251 4612 (ci.
1267 4545 1378 4598 Momm-

114 4631 167 4684 srni
187 4633 308 4688 lleortol.
330 4649 355 4702 p.
378 4637 428 4688 139
448 4639 526 4700 soh».
546 4632 730 4688 Scbneiderus
749 4635 777 4687 iu
797 4633 831 4688 N.
850 4633 950 4688 Jahrb.
969 4631 986 4686 i.
1008 4631 1079 4686 Phil.
1099 4648 1123 4686 ν.
1145 4635 1206 4698 lib,
1224 4647 1249 4699 μ.
1270 4634 1331 4688 310.
