3298 5368
778 411 974 474 -142·-

290 579 328 648 N.
354 584 417 648 397
441 584 557 648 τοῦτον
582 581 697 662 (ποτὸν
721 577 955 662 removetis-t
979 578 1061 658 Ζεὺς
1083 576 1149 656 ἵήσ’
1173 579 1223 644 ἐπὶ
1244 578 1320 655 τοὺς
1337 577 1527 658 ἐπιόρκους.

291 687 332 751 V.
359 691 397 752 12
423 679 936 767 κάμοὶ-νέπεστρατεύσατο-θπὶ
958 687 997 758 τὰ
1021 684 1325 764 βλέρσραηῦπνος.
1343 685 1407 753 214
1430 683 1529 762 ἔχαν-

244 793 541 872 τας-ὀργήν-ἐπ
564 792 672 858 αὐτόν.
698 797 758 858 411
784 793 870 870 ήκειν
895 792 940 869 ὡς
964 788 1014 858 ἐπ’
1037 791 1139 869 ἄνδρα
1162 791 1528 869 intumescentes

244 896 296 967 ἐπ’
320 900 420 966 αὐτὸν
442 901 526 966 ἵεσο.
563 902 624 964 105
655 899 735 964 ὅταν
749 935 787 946 -
804 899 924 982 ἐπισίξῃ
951 899 1087 962 ἐπὶτῶν
1114 900 1237 977 ἐχθρῶν
1261 897 1318 962 τιν’
1342 892 1528 978 ἐπιρρύξας.

250 1010 335 1075 1814
359 1008 558 1088 καταβατέον
581 1004 609 1082 γ’
635 1005 682 1100 ἐπ’
705 1005 824 1084 αὐτούς
848 1027 900 1085 μοι
926 1005 979 1087 „iu
1004 1010 1169 1072 certamen
1199 1014 1314 1073 cantra
1347 1022 1405 1074 eas
1440 1002 1529 1074 mihi

245 1114 510 1182 descendendum
539 1116 621 1180 est“.

290 1221 350 1286 Αν.
376 1225 437 1288 631
463 1221 547 1302 (ἐὰν)
569 1221 620 1286 ἐπὶ
642 1221 737 1298 θεοὺς
761 1221 823 1301 ἴῃς.
850 1222 934 1288 1250
958 1216 1208 1298 πέμψω-ὄρνις
1232 1219 1276 1283 ἐπ’
1305 1216 1415 1288 αὐτόν.

291 1325 327 1391 L.
353 1331 417 1391 247
442 1327 493 1407 ἐφ’
517 1326 599 1408 ἡμᾶς
622 1327 864 1407 ξυμβοηθήσειν.
889 1327 952 1390 483
977 1327 1029 1392 ἐπὶ
1061 1325 1181 1404 δούλοις
1212 1328 1300 1408 τινὰς
1334 1326 1432 1404 ἥκειν.
1457 1327 1528 1394 1175

246 1438 337 1500 πιεῖν
361 1402 413 1512 ιφ”
435 1433 527 1511 ἡμᾶς.

291 1539 329 1609 R.
356 1544 438 1606 1021
466 1538 531 1606 ἕπτ’
557 1541 606 1605 ἐπὶ
629 1541 750 1619 Θήβας.

292 1648 324 1730 2)
348 1645 411 1726 Qui
435 1646 584 1728 seqnitur
607 1645 788 1728 particulae
812 1663 893 1711 usus
917 1645 1044 1714 medius
1069 1646 1199 1727 qnidam
1238 1651 1290 1711 est
1313 1645 1399 1714 inter
1434 1645 1531 1713 luca·

245 1752 323 1832 latu,
347 1751 387 1818 de
411 1770 475 1833 quo
500 1741 564 1818 iam
589 1752 725 1834 egimus,
749 1757 784 1817 et
805 1750 948 1830 finalem,
972 1753 1012 1818 de
1037 1770 1100 1834 quo
1117 1751 1202 1819 inira
1221 1752 1359 1819 dicetur:
1384 1751 1417 1818 id
1435 1751 1528 1822 anim

248 1857 422 1942 significat,
446 1859 486 1923 ad
510 1859 597 1940 qnod
620 1860 687 1924 itur
719 1859 903 1941 petendum,
939 1861 1182 1936 arcessendum,
1218 1859 1424 1941 capiendum,
1447 1856 1529 1932 affe·

246 1967 383 2032 rendum
410 1971 472 2031 ete.
494 1967 563 2032 Nos
588 1967 732 2032 solemus
759 1969 836 2046 „aa“
861 1986 934 2032 cnm
960 1985 1038 2034 casu
1062 1964 1304 2035 instrumentali
1328 1965 1456 2032 dicere.

291 2072 328 2138 V.
354 2075 419 2136 854
443 2072 539 2151 οὖτος
562 2075 604 2140 σὺ
628 2079 685 2138 ποῖ
708 2079 782 2152 θεῖς
800 2111 840 2128 -—
854 2075 904 2140 ἐπ1
936 2075 1108 2152 καδίσκους
1134 2074 1195 2155 „ad
1230 2073 1436 2155 quaerendas
1472 2071 1528 2136 vel

151 2185 154 2192 '
243 2178 429 2243 afferendas
453 2185 574 2247 uruas“
600 2199 659 2261 „aa
683 2183 845 2262 ypsaun“.

291 2286 327 2350 P.
356 2287 441 2351 1040
466 2287 515 2352 ἐπὶ
538 2283 694 2366 σπλάγχν’
718 2287 777 2366 εἶμι
802 2291 852 2354 καὶ
877 2289 1051 2366 θυλήματα.

293 2394 351 2456 Αν.
378 2399 394 2454 7
400 2395 417 2454 7
444 2393 544 2472 τρέχω
569 2391 606 2457 ’π’
633 2394 751 2472 ἀφύας.
778 2397 817 2457 79
833 2396 943 2475 Ιτρέχω
969 2391 1012 2459 ’πὶ
1035 2395 1183 2473 τορύνην.

292 2500 351 2572 Th.
380 2503 441 2566 128
466 2501 564 2578 ἴωμεν
588 2501 637 2566 ἐπὶ
660 2503 716 2579 τὰς
740 2503 938 2579 κληματίδας.
976 2505 1040 2572 769
1064 2499 1120 2566 τίν’
1145 2500 1204 2568 οὖν
1227 2501 1266 2566 ἂν
1287 2499 1423 2577 ἄγγελον
1447 2501 1524 2580 πέμ·

244 2604 335 2688 ιψαιμ’
361 2606 410 2673 ἐπ’
433 2607 541 2685 αὐτόν;
567 2607 652 2688 qnod
674 2612 709 2671 et
733 2607 793 2686 „ad
818 2625 891 2671 enm
927 2608 1178 2674 arcessendum“
1215 2607 1299 2678 verti
1332 2612 1456 2689 petest,
1492 2609 1526 2674 al

244 2713 444 2797 simpliciter
470 2713 530 2796 „ad
553 2714 660 2777 eum“.
1416 2763 1419 2771 .

290 2821 328 2892 R.
355 2824 395 2884 69
421 2821 524 2886 ἐλθεῖν
547 2817 596 2886 ἐπ’
622 2822 745 2887 ἐκεῖνον
771 2820 832 2900 „ad
855 2820 947 2887 illum
972 2839 1011 2884 ex
1035 2820 1121 2886 Orco
1155 2820 1403 2890 abducendum“
1429 2815 1522 2907 (Fr).

247 2931 308 2994 111
336 2925 430 3006 ἦλθες
454 2927 505 2998 ἐπὶ
526 2927 583 2991 τὸν
608 2927 780 3012 Κέρβερον.
804 2930 865 2996 180
889 2932 1043 3008 χωρῶμεν
1068 2927 1117 2992 ἐπὶ
1139 2928 1176 2991 τὸ
1191 2930 1315 3002 πλοῖον,
1336 2943 1432 3006 quem
1450 2944 1526 2994 ver·

243 3052 319 3102 sum
340 3029 517 3112 Valsenus,
540 3032 752 3098 Bitschelium
778 3039 924 3112 secutus
947 3039 1023 3115 past
1045 3053 1074 3098 v.
1097 3037 1156 3101 182
1174 3033 1389 3115 transposuit.
1415 3031 1524 3104 (lausa

246 3139 482 3221 transponendi
507 3157 546 3202 ea
569 3139 640 3216 luit,
666 3139 750 3220 quod
774 3139 854 3206 haec
878 3139 977 3204 verba
1012 3140 1118 3206 locum
1154 3158 1218 3206 non
1250 3139 1420 3216 habereut,
1459 3137 1522 3212 nisi

245 3264 358 3312 coram
383 3245 511 3328 navigio
535 3250 681 3328 aspecto.
706 3247 750 3310 At
773 3245 957 3314 rectissime
981 3245 1127 3314 Kockius
1153 3252 1186 3311 et
1209 3245 1378 3318 Vahleuus
1403 3245 1450 3329 (p.
1471 3244 1525 3328 29)

245 3357 389 3430 monent,
414 3349 588 3428 Bacchum,
614 3354 792 3420 cumhaec
818 3353 1003 3428 dicatum
1036 3353 1145 3420 dicere
1182 3371 1315 3432 „eamus
1350 3354 1393 3418 ad
1411 3383 1414 3387 ⁴
1434 3353 1524 3426 navi·
1632 3407 1633 3444 i

245 3461 345 3544 giam,
371 3461 456 3542 quod
480 3466 554 3525 ante
580 3461 693 3526 occulos
718 3463 798 3540 est‚“
827 3478 924 3542 quam
949 3461 1144 3527 seutentiam
1169 3458 1217 3524 illi
1242 3458 1286 3543 (h.
1318 3478 1347 3524 e.
1372 3460 1523 3532 Ritscae-

246 3569 320 3645 lius,
346 3567 508 3636 Velseuus
532 3566 601 3650 alii)
622 3573 777 3649 tanquam
803 3573 927 3636 certam
952 3574 985 3634 ct
1007 3569 1140 3636 unicam
1176 3568 1314 3649 amplexi
1352 3570 1428 3648 sint,
1464 3567 1523 3635 sed
1632 3639 1633 3668 ἶ

248 3691 396 3755 „eamus
421 3687 457 3736 ut
480 3672 645 3755 navigium
669 3681 829 3754 petamus,
854 3676 1093 3749 nanciscamur,
1120 3673 1329 3754 offendamus,
1365 3675 1398 3748 iu
1434 3677 1522 3748 vido·

245 3781 333 3858 licet,
361 3780 448 3862 quod
472 3779 634 3845 Hercules
657 3781 803 3846 dixerat“
831 3783 875 3864 (v.
904 3783 1101 3866 139).-478
1118 3779 1168 3861 ἐφ’
1187 3785 1226 3862 ἃς
1244 3781 1521 3865 (alcun-tvnc)—

244 3891 403 3968 δρομαῖον
427 3885 562 3968 ὁρμήσω
586 3890 680 3966 πόδα,
705 3891 760 3956 ubi
783 3895 893 3960 tamen
916 3892 966 3957 ἐπί
991 3896 1102 3970 potest
1140 3891 1219 3968 „ad“
1259 3889 1456 3972 simpliciter
1480 3890 1524 3956 si-

244 3993 411 4076 gnificare.
439 3997 500 4058 577
527 3992 586 4074 εἰμ’
609 3996 660 4062 ἐπὶ
681 3999 739 4063 τὸν
764 3999 904 4066 Κλέωνα.
931 3999 1015 4062 1418
1041 4003 1198 4088 κατῆλθον
1222 4000 1271 4063 ἐπὶ
1301 4001 1437 4080 ποιητήν
1464 3997 1521 4079 „ad

245 4101 481 4170 arcessendum
509 4105 673 4184 poetam“.

291 4207 349 4274 Ec.
376 4211 438 4272 819
464 4211 609 4288 ἐχώρουν
633 4209 676 4288 εἰς
701 4210 822 4288 ἀγορὰν
846 4207 893 4278 ἐπ’
919 4210 1045 4290 ἄλφιτα.

286 4313 344 4381 Fr.
372 4318 445 4391 101,
471 4319 489 4384 2
514 4317 583 4395 ἐμοὶ
607 4318 663 4395 μὲν
687 4317 737 4384 ἐπὶ
759 4319 816 4382 τὸν
839 4319 969 4398 μολγόν,
998 4317 1053 4386 ubi
1090 4320 1173 4400 quod
1210 4319 1243 4384 iu
1279 4320 1447 4396 codicibus
1471 4323 1519 4387 his

247 4420 357 4491 verbis
382 4421 543 4490 subicitur
568 4422 646 4490 sinai
670 4423 838 4496 Portunus
863 4425 971 4502 eiecit,
1011 4425 1045 4497 id
1067 4425 1185 4494 leviter
1221 4435 1412 4510 corruptum
1452 4445 1519 4504 esse

247 4525 396 4592 iudicans
421 4545 460 4592 ex
483 4527 682 4610 glossemate
707 4529 795 4595 ἰέναι.
821 4528 885 4593 Alii
910 4530 974 4595 alia
998 4535 1175 4596 tentarunt.
1209 4535 1285 4609 402,
1323 4540 1339 4597 2
1378 4534 1437 4616 εἶμ’
1472 4535 1520 4613 ἐπὶ
