3298 5368
686 519 708 530 ..
754 486 816 546 119
843 515 882 530 ·-

166 685 171 700 ·
192 653 230 716 n.
258 655 344 717 1412
361 650 409 717 ’δι’
434 654 549 732 ἔχθρας
573 650 734 734 οὐδετέρῳ
757 651 944 730 γενήσομαι,
959 648 1045 732 quud
1061 648 1147 712 idem
1171 646 1241 712 lere
1255 651 1310 710 ert
1325 651 1425 729 atque

147 761 266 838 ἐχθρὸς
291 761 360 825 οὐδ.
384 783 413 836 γ.

188 865 250 931 Εο.
277 869 342 931 888
366 864 406 931 δι’
430 863 529 946 ὄχλου
554 861 639 929 τοῦτ’
664 865 730 929 ἐστὶ
753 867 824 941 τοῖς
846 865 1029 941 θεωμένοις,
1048 863 1135 945 quoti
1161 862 1263 926 schol.
1277 863 1426 941 ἐπιβαρές

147 973 395 1055 interpretatur.

191 1079 234 1145 ll.
260 1080 311 1144 Ad
334 1083 457 1160 tempus
493 1077 661 1156 tralatum,
685 1079 737 1143 διά
772 1077 897 1159 triplici
929 1095 1029 1142 sensu
1061 1085 1251 1158 usurpatur:
1288 1077 1321 1154 1)
1344 1074 1427 1141 illud

147 1187 312 1269 temporis
336 1186 480 1268 spatium
505 1184 678 1268 siguificat,
702 1186 793 1267 quud
814 1193 921 1250 totum
957 1184 1066 1266 aliqua
1090 1183 1177 1248 aetio
1201 1185 1294 1264 quusi
1319 1183 1428 1265 explet

146 1293 199 1358 rel
222 1293 402 1376 percurrit,
426 1293 483 1358 ubi
506 1291 615 1358 Latini
639 1291 863 1357 accusativum
880 1290 932 1354 uel
947 1290 1124 1355 ablativum
1144 1288 1297 1367 nominis,
1315 1291 1426 1354 addito

145 1415 174 1462 r.
200 1401 346 1480 ,tntuu‘,
383 1407 442 1464 aut
476 1399 578 1480 ,per“
614 1415 687 1463 eum
715 1413 785 1462 aec.
820 1397 944 1472 dicunt,
970 1413 1030 1462 uos
1067 1396 1144 1462 item
1179 1413 1248 1460 aee.
1273 1397 1426 1472 nominis,

146 1505 260 1570 addito
285 1524 314 1574 ν.
332 1509 573 1586 ,utnuii“,uut
591 1505 766 1585 ,ereaeuie
784 1505 923 1580 uiuam,
936 1505 1090 1568 ueeu0“...
1109 1503 1261 1570 dicimus.
1281 1505 1313 1585 2)
1330 1503 1427 1567 Tem·

146 1614 240 1693 paria
266 1613 476 1678 intervallum
501 1613 639 1690 indicat,
652 1612 739 1694 quod
756 1619 808 1677 est
823 1611 910 1677 inter
924 1611 1006 1676 duas
1023 1627 1087 1676 rea:
1107 1613 1234 1692 ,post“,
1251 1612 1426 1693 ,cuyewt

148 1721 181 1803 3)
202 1719 343 1786 Nemini
367 1721 507 1786 ordinali
528 1719 731 1798 adiunctum,
748 1717 872 1801 aliquid
896 1735 1035 1800 semper,
1053 1735 1119 1782 uno
1140 1717 1320 1800 eodemque
1345 1729 1427 1783 tem·

147 1828 239 1908 poris
265 1827 373 1909 spatio
397 1836 524 1902 exacto,
548 1826 653 1905 repeti
677 1826 836 1891 declarat.

194 1937 229 2015 l)
254 1933 307 1998 δι’
342 1935 530 2012 ἡμέραςε
555 1932 593 1997 N.
620 1935 704 1997 1053
730 1933 779 1996 ἀεὶ
802 1929 842 1996 δι’
866 1932 988 2011 ἡμέρας
1008 1931 1204 1996 λαλούντων.

194 2041 230 2105 V.
257 2044 323 2106 485
346 2043 496 2119 δέρεσθαι
519 2044 570 2104 καὶ
592 2043 695 2118 δέρειν
718 2037 758 2103 δι’
782 2039 837 2117 ἡμ.

192 2146 228 2211 P.
256 2151 297 2210 56
322 2147 361 2211 δι’
382 2147 620 2226 ἡμ-βλέπων,

192 2254 231 2319 R.
258 2257 323 2319 260
348 2250 672 2332 κεκραξόμεσθα-δι’
695 2251 747 2330 itu.
774 2253 836 2315 265
863 2249 1138 2330 κεκράξομαι-δι’
1160 2252 1214 2330 hp.

197 2363 253 2428 Ec.
282 2365 323 2426 113
348 2359 387 2424 δι’
410 2361 462 2438 ἡμ.
488 2361 678 2439 ἐχραινόμην
696 2361 828 2423 ἑστῶσα
850 2360 934 2436 πρὸς
956 2360 1014 2423 τὸν
1037 2360 1138 2436 ἥλιον.

191 2465 244 2532 δι’
282 2469 459 2546 ἡμέρας
493 2466 617 2546 ὅληςε
642 2467 677 2531 Ρ.
704 2467 745 2528 27
769 2467 886 2543 τρίψας
908 2462 947 2530 δι’
971 2465 1024 2545 ὴμ.
1049 2465 1081 2530 5.

194 2575 290 2640 Aliae
313 2575 510 2640 locutiones:

192 2682 236 2745 V.
261 2685 347 2748 1058
372 2684 445 2759 ιλμῑν
468 2682 507 2747 δι’
529 2681 625 2759 ἔτους
647 2685 713 2745 τῶν
736 2682 867 2759 ἱματίων
891 2681 1002 2758 ὀζήσει
1026 2681 1215 2760 δεξιότητος.

191 2791 228 2860 Ρ.
255 2792 320 2854 398
362 2790 619 2854 θυσίαισιν-διὰ
655 2788 1109 2866 παντὸς-ἀγαλοῦμεν-ἀεί.
1153 2788 1199 2851 lle
1234 2789 1425 2870 pleonasmo

147 2897 238 2980 (nam
262 2899 315 2961 διὰ
336 2895 478 2976 miei)
502 2914 531 2961 v.
552 2892 748 2957 Baehmaun.
773 2913 804 2974 p.
833 2896 903 2958 153.

191 3004 247 3068 Fr.
275 3008 314 3067 13
338 3005 391 3068 διὰ
414 3001 540 3082 νυκτός,
564 2999 651 3082 quod
675 2999 760 3064 idem
785 3017 859 3065 esse
882 3019 921 3065 ae
945 2999 985 3066 δι’
1010 3001 1090 3079 ὅλης
1109 3003 1224 3080 νυκτός
1240 3002 1337 3066 dotet
1351 3001 1423 3084 ipse

150 3110 352 3182 Athenaeus,
377 3107 461 3173 unde
485 3108 547 3171 hoe
571 3108 786 3188 fragmentum
812 3107 1017 3188 desumptum
1047 3115 1108 3173 est.
1148 3111 1223 3191 569,
1248 3113 1267 3171 θ
1292 3109 1361 3174 ἔστι
1383 3105 1423 3172 δι’

147 3219 463 3295 ἐνιαυτοῦ-λαβεῖν.

193 3315 326 3408 2).διὰ
358 3325 538 3388 πολλοῦ
573 3321 758 3400 χρόνους
784 3320 822 3383 V.
849 3323 933 3386 1476
959 3323 1007 3400 ὡς
1030 3323 1096 3388 ἔπιε
1120 3326 1172 3388 διὰ
1196 3345 1228 3388 π.
1254 3343 1302 3402 χρ.

151 3457 157 3464 ·
192 3429 243 3496 Pl.
270 3435 355 3495 1045
380 3433 431 3494 διὰ
453 3449 485 3493 π.
512 3429 796 3507 χρ.·-ἑοραιιέναι.Ι

192 3540 265 3602 διὰ
298 3539 482 3616 χρόνου,
508 3535 593 3617 quot
618 3543 652 3599 et
675 3533 782 3614 ipsum
806 3534 896 3599 ualet
918 3537 969 3599 διὰ
992 3539 1115 3600 πολλοῦ
1140 3557 1200 3616 χρ.;
1216 3555 1290 3601 uam
1307 3541 1425 3618 χρόνος

148 3643 236 3710 lraud
260 3661 337 3708 raro
360 3642 553 3724 praegnanti
572 3659 672 3707 seusu
688 3647 865 3722 usurpetur
881 3642 926 3725 (ν.
940 3640 1157 3726 Frolrberger.
1170 3644 1210 3708 ad
1227 3643 1300 3728 Lys.
1316 3648 1369 3724 32,
1383 3648 1424 3727 5).

194 3751 232 3815 V.
260 3753 345 3816 1252
368 3751 422 3814 ἵνα
447 3751 497 3813 καὶ
519 3749 686 3826 μεθύωμεν
709 3749 761 3810 διὰ
783 3768 832 3826 χρ.

192 3858 230 3922 P.
257 3861 321 3920 570
344 3859 505 3934 τριαινοῦν
538 3862 575 3936 τῇ
611 3856 735 3936 δικέλλῃ
767 3857 820 3918 διὰ
843 3875 892 3933 χρ.
915 3857 953 3920 τὸ
976 3859 1096 3940 γῄδιον.
1122 3860 1187 3922 710
1211 3860 1262 3937 ἆρ’
1287 3860 1326 3925 ἃν
1351 3866 1425 3942 βλα·

151 3973 245 4047 βῆναι
267 3970 319 4033 διὰ
342 3969 460 4046 χρόνου
484 3966 511 4030 τί
535 3983 589 4030 σοι
617 3971 715 4045 δοκῶ,
739 3965 766 4030 ιδ
790 3962 924 4031 δέσποθ’
960 3967 1069 4047 Ἑρμῆ,
1097 3974 1155 4048 τῆς
1178 3968 1329 4050 Ὀπώρας
1352 3994 1426 4038 κατ-

150 4075 282 4151 ελάσας;
307 4089 392 4155 quae
417 4071 601 4136 Brunekiua
628 4079 731 4148 reete,
756 4075 807 4136 διὰ
829 4093 879 4150 χρ.
905 4070 945 4135 ad
968 4076 1147 4154 κατελάσας
1172 4077 1289 4156 relata,
1314 4079 1424 4145 vertit:

153 4180 332 4261 ,numquid
357 4178 544 4244 detrimenti
572 4183 738 4259 ¹capturus
770 4179 831 4242 tibi
855 4179 978 4256 videor,
1003 4181 1030 4246 ai
1054 4181 1152 4262 longo
1175 4190 1252 4264 post
1274 4191 1424 4268 tempore

151 4285 295 4369 Operam
322 4285 583 4368 subegiteverui‘:
608 4284 720 4365 itaque
745 4285 845 4349 etiam
882 4285 987 4351 schol.
1010 4287 1094 4352 hunc
1117 4289 1225 4354 locum
1251 4290 1424 4370 intellexit,

151 4410 223 4457 cum
260 4393 547 4474 interpretaretur:
583 4391 633 4455 lin
658 4391 688 4454 oi
711 4394 762 4455 διὰ
797 4393 916 4470 χρόνου
952 4394 1115 4473 ἐσθίοντες
1147 4395 1281 4475 ὀπώραν
1302 4401 1426 4478 πολλὴν

154 4500 351 4578 βλάπτονται,
364 4503 414 4564 καὶ
437 4499 467 4564 οἱ
491 4498 762 4576 συνουσιάζοντες
785 4504 942 4578 συνεχῶς
956 4501 1023 4566 noli
1049 4502 1184 4568 eredere
1203 4503 1426 4587 Baclrmanno,

152 4613 276 4672 temere
301 4606 512 4672 contendenti
537 4607 583 4688 (ρ.
609 4602 675 4686 θθ),
701 4601 898 4670 εολιολίιιελαε
934 4611 985 4674 διὰ
1009 4629 1056 4688 χρ.
1083 4618 1116 4674 et
1140 4616 1285 4690 συνεχῶς
1309 4613 1425 4679 eadem
