3298 5368
793 451 988 514 -122-

306 619 434 685 Ceteris
460 619 610 684 omnibus
635 616 719 684 locis
743 637 817 684 cum
841 615 1031 682 accusativo
1056 622 1115 681 aut
1137 616 1288 698 genetivo
1306 635 1386 682 cnse
1404 617 1528 684 coniun·
1644 647 1645 698 ι

260 727 358 809 gitur,
383 745 456 792 cum
482 726 539 791 illo
567 727 639 801 142,
666 744 739 791 cum
763 724 825 790 hoc
850 725 969 792 26·ieS.
1644 709 1645 712 '

390 923 580 998 λ.Κατά,
618 940 715 987 curn
750 922 1045 988 accusativo
1088 922 1412 1002 coniunctum,
1522 975 1527 1012 5
1644 989 1645 996 ¹

303 1083 331 1148 Ι.
357 1079 474 1147 Locolo'
497 1101 595 1147 sensu

308 1192 339 1271 1)
364 1187 443 1254 Rem
468 1190 519 1254 vel
541 1187 607 1254 iter
631 1181 805 1271 significat,
815 1208 876 1270 per
898 1187 983 1266 quod
1007 1187 1099 1253 linco
1121 1187 1210 1253 recto
1233 1187 1366 1268 aliq-oid
1380 1191 1528 1262 movetur,

258 1303 296 1362 ut
324 1299 403 1362 κατά
427 1316 455 1364 c.
469 1315 539 1362 acc.
562 1297 725 1361 interdurn
747 1295 831 1360 nihil
854 1295 921 1360 iere
946 1291 1074 1360 differat
1097 1315 1117 1359 a
1139 1297 1191 1361 διά
1213 1313 1326 1370 σπου.
1345 1295 1525 1378 („vpean“).

302 1403 345 1469 N.
373 1409 435 1470 158
459 1407 516 1482 τὰς
539 1403 671 1482 ἐμπίδας
695 1405 775 1466 κατὰ
797 1403 835 1466 τὸ
851 1401 943 1480 στόμ’
957 1403 1044 1484 ᾄδειν
1066 1403 1085 1480 ἢ
1111 1405 1190 1467 κατὰ
1221 1401 1467 1482 τούρροπύγιον,
1480 1400 1531 1464 ubi

267 1528 331 1575 non
362 1511 627 1585 instrumentum,
653 1508 711 1574 sed
746 1507 850 1585 loona,
875 1528 933 1605 per
958 1527 1052 1589 quern
1080 1527 1180 1574 sonus
1204 1511 1326 1575 transit
1350 1507 1531 1593 (‚‚vpear›“)¹‚

259 1615 435 1681 indicatur.
1085 1699 1087 1704 Ι

303 1722 343 1786 V.
372 1728 431 1788 141
458 1723 556 1801 ἄθρει,
581 1725 660 1788 κατὰ
683 1727 739 1800 τῆς
763 1722 883 1787 πυέλου
918 1723 955 1785 τὸ
979 1721 1069 1800 τρῆμ’
1093 1721 1184 1799 ὅπως
1209 1723 1249 1800 μή
1275 1721 1444 1786 ’κδύσετιια
1469 1705 1528 1784 398

259 1825 403 1906 ἀνάβαιν’
429 1828 553 1906 ἀνύσας
577 1829 656 1892 κατὰ
678 1830 736 1905 τὴν
761 1827 880 1905 ἑτέραν,
906 1826 992 1908 quod
1015 1831 1066 1890 cst
1090 1826 1177 1907 „alia
1201 1829 1274 1891 via“
1291 1828 1350 1901 vel,
1377 1833 1414 1892 ut
1431 1824 1527 1892 schol.

259 1933 295 2028 V¹
312 1934 559 2015 interpretatur,
584 1937 634 1999 διὰ
656 1937 713 1998 τοῦ
737 1934 848 2011 ἑτέρου
870 1935 996 2011 μέρους.

302 2043 360 2106 Αν.
386 2043 605 2104 1208-1210
646 2042 725 2106 κατὰ
758 2041 854 2118 ποίας
888 2040 990 2118 πύλας
1023 2040 1286 2118 εἰσῆλθες-οὐκ
1321 2041 1526 2116 οἴδα-κατὰ

257 2150 351 2225 ποίας
374 2149 487 2226 πύλαςε
512 2147 551 2211 de
575 2146 690 2211 eadem
715 2166 750 2211 re
774 2148 806 2212 in
834 2167 863 2208 v.
880 2150 964 2211 1173
989 2150 1041 2212 διὰ
1056 2151 1121 2211 τῶν
1136 2153 1247 2213 πυλῶν
1264 2147 1428 2213 εἰσέπτετο
1445 2146 1529 2210 dixit.

303 2253 337 2333 2)
363 2255 446 2318 Κατά
481 2272 510 2318 c.
534 2271 601 2318 occ.
626 2252 799 2336 significat,
824 2253 954 2333 aliquid
987 2273 1049 2333 por
1084 2254 1220 2333 aliquod
1251 2255 1395 2334 spatium
1416 2259 1525 2334 potere

261 2359 313 2424 oet
337 2359 501 2439 diffusum
524 2377 603 2439 esce,
629 2360 698 2425 sive
723 2378 741 2423 e
765 2360 918 2426 movendi
931 2361 1030 2424 verbo
1053 2361 1183 2442 pendet,
1199 2361 1267 2426 sive
1292 2381 1309 2424 e
1334 2357 1523 2443 quiescendi

262 2456 375 2547 „pcr“‚
413 2469 510 2546 „no“;
535 2466 698 2530 interdum
735 2473 855 2546 autem,
879 2469 1013 2532 notione
1050 2468 1182 2547 patcndi
1217 2468 1399 2546 debilitata,
1424 2467 1532 2533 eodem

261 2570 329 2637 iere
355 2590 465 2647 sensu,
490 2591 553 2653 quo
579 2573 614 2635 ἐν
638 2592 665 2637 c.
688 2573 764 2647 dat,
789 2573 911 2638 dicitur
936 2573 987 2657 (ut
1013 2574 1045 2638 in
1067 2576 1125 2640 Av.
1152 2577 1226 2639 698.
1252 2575 1287 2638 L.
1314 2576 1406 2659 999).
1519 2641 1521 2646 .

306 2681 345 2744 Α.
373 2683 435 2744 195
459 2682 539 2744 κατὰ
562 2685 622 2758 γῆν
645 2702 679 2743 τε
714 2683 765 2745 καὶ
788 2682 946 2745 θάλατταν
970 2681 1148 2763 (σπονδαί).
1170 2684 1234 2746 202
1260 2690 1294 2747 et
1318 2685 1383 2748 250
1406 2686 1444 2750 τὰ
1469 2675 1529 2746 κατ’

260 2787 381 2864 ἀγροὺς
404 2787 573 2855 Διονύσια.
601 2790 665 2850 942
691 2783 757 2852 κατ’
783 2787 882 2852 οἰκίαν
905 2786 1036 2852 τοσόνδ’
1061 2789 1108 2853 ἀεὶ
1124 2793 1287 2869 ψοφοῦντι
1303 2789 1356 2873 (ci.
1379 2797 1414 2854 Α.
1438 2791 1530 2854 1174.

261 2891 298 2955 V.
326 2895 420 2957 1180.
451 2896 546 2957 1181.
570 2893 608 2957 P.
633 2897 685 2958 88.
710 2893 768 2960 Th.
794 2897 884 2976 402).
903 2898 987 2959 1174
1012 2899 1125 2974 δμῶες,
1150 2899 1181 2961 οἳ
1206 2897 1272 2962 κατ’
1298 2898 1389 2963 οἶκόν
1409 2898 1491 2965 ἐστε.

303 2999 341 3062 Ε.
366 3004 431 3092 433
456 3001 577 3079 ἀφήσω
602 3004 682 3066 κατὰ
705 3000 774 3079 κῦμ’
805 3003 943 3080 ἐμαυτὸν
966 3003 1086 3082 οὔριον.
1123 3007 1209 3068 1354
1233 3005 1303 3085 οὐχλ
1326 3009 1406 3072 κατὰ
1429 3007 1532 3085 χώραν

261 3109 375 3183 μενεῖς,
401 3106 441 3171 de
464 3127 528 3189 qua
552 3108 720 3174 locutione
756 3109 920 3174 Kusterus
950 3111 991 3173 ad
1016 3110 1061 3174 Pl.
1089 3113 1150 3174 367
1176 3111 1257 3174 haec
1282 3111 1461 3176 annotavit:
1488 3128 1531 3190 ,κ.

259 3217 369 3295 χώραν
393 3215 474 3279 εἶναι
499 3216 637 3282 Graecis
660 3215 794 3298 proprie
819 3215 940 3300 dicitur
964 3217 1004 3281 de
1029 3237 1075 3291 re,
1091 3235 1173 3298 quae
1189 3218 1222 3281 in
1240 3217 1312 3283 loco
1329 3215 1531 3298 praescripto

259 3326 293 3384 et
326 3321 438 3387 debito
476 3323 540 3388 sita
576 3329 635 3400 est,
656 3341 762 3404 neque
798 3330 890 3387 extra
925 3339 1000 3386 eum
1030 3343 1103 3388 sese
1127 3330 1245 3390 movet.
1271 3323 1324 3408 [ci.
1348 3323 1430 3389 Xen.
1456 3321 1531 3388 Oec.

265 3429 311 3504 10,
340 3428 403 3511 10].
444 3430 626 3512 Metaphor.
652 3437 760 3493 autern
799 3428 970 3511 significat,
996 3431 1142 3510 quietum
1179 3437 1213 3496 et
1246 3433 1396 3496 sedatum
1429 3431 1532 3496 esse“.

258 3533 340 3618 Vide
365 3536 465 3600 etiam
485 3535 785 3601 Thomaschewskii
810 3537 1064 3617 disputationem
1089 3538 1128 3602 de
1144 3556 1258 3620 praep.
1275 3543 1354 3604 κατά
1370 3539 1402 3603 vi
1420 3543 1453 3603 et
1474 3553 1532 3600 usu

260 3659 291 3722 p.
317 3644 371 3719 23,
396 3643 452 3724 qui
475 3642 559 3707 hanc
582 3641 783 3706 locutionem
821 3660 895 3707 cum
927 3644 983 3708 1λλο
1012 3645 1142 3710 Horatii
1169 3651 1279 3725 „certa
1304 3646 1379 3710 sede
1405 3633 1531 3710 manat“

259 3748 398 3813 confert.
423 3748 545 3812 Eadem
571 3750 672 3813 dictio
697 3749 841 3814 recurrit
865 3751 897 3814 in
921 3751 958 3816 R.
984 3753 1048 3815 193
1077 3761 1111 3816 et
1135 3751 1182 3816 Pl.
1209 3755 1283 3816 361.

301 3856 340 3921 N.
368 3858 451 3920 1003
497 3858 694 3935 στωμύλλων
734 3860 813 3922 κατὰ
850 3859 909 3936 τὴν
948 3859 1069 3936 αγομάν
1104 3858 1158 3938 (cf.
1195 3859 1230 3925 L.
1263 3862 1337 3923 558.
1376 3861 1434 3924 Th.
1460 3860 1530 3922 578.

259 3960 428 4049 &3811

269 4101 273 4113 ·
302 4068 340 4131 V.
366 4072 427 4132 361
455 4073 674 4150 διαταξάμενοι
710 4075 789 4138 κατὰ
823 4076 880 4151 τὰς
915 4073 1044 4156 διόδους
1080 4071 1135 4154 (ci.
1173 4073 1230 4138 Ec.
1263 4075 1352 4158 693).
1382 4077 1527 4138 118041

258 4176 349 4253 οἵους
382 4178 636 4257 λέγομεν-τοὺς
670 4177 736 4243 κατ’
774 4180 875 4244 οἰκίαν
909 4179 1295 4258 (μύθους).-τῶν-κατ’
1331 4183 1432 4246 οἰκίαν
1463 4177 1532 4262 (μύ-

257 4283 351 4361 θων),
376 4280 432 4345 ubi
458 4281 524 4346 κατ’
550 4273 609 4347 οἰκ.
638 4284 707 4348 fare
732 4286 873 4366 genetivi
906 4285 1091 4349 attributivi
1115 4287 1166 4350 vel
1189 4287 1342 4351 adiectivi
1367 4291 1437 4351 vice
1461 4284 1530 4348 tnn-

257 4387 345 4469 gitur
369 4386 655 4474 („d0mesticus“).
682 4389 731 4455 01.
757 4391 814 4456 Ec.
842 4397 916 4456 557.
941 4393 982 4462 V,
1009 4393 1202 4456 Bernhardii
1230 4393 1319 4476 synt.
1346 4415 1374 4475 p,
1399 4398 1473 4457 241.

303 4491 338 4558 P.
365 4501 405 4558 88
429 4493 497 4561 κατ’
522 4497 798 4577 οἴκους-μεῖνον,
825 4519 921 4581 quern
958 4519 1087 4567 versum
1125 4519 1190 4566 una
1222 4521 1295 4566 curn
1320 4501 1530 4582 proripiat

259 4601 369 4679 Mein,
406 4603 590 4669 Hamakero
619 4605 711 4683 duce,
737 4608 890 4686 eiectum,
922 4607 1133 4687 Aristophani
1170 4609 1351 4674 vindicavit
1384 4601 1529 4672 Koekiot
