3298 5368
750 449 939 510 -140-

217 621 316 703 igitur
339 619 420 685 haec
444 616 579 683 locutio:
607 614 926 696 „paulatimpeoon
951 616 1299 698 numerosarum,
1325 623 1361 682 nt
1386 634 1426 682 os
1452 615 1501 681 sit

215 725 302 794 hosti
337 725 532 790 adversum“
546 719 697 803 (Sturzii
720 721 806 786 Lern
820 721 905 790 Xen.
928 743 956 788 v.
984 727 1013 804 2,
1041 743 1073 806 p.
1095 727 1185 807 ’2661
1211 724 1313 791 tinius
1327 724 1498 806 originem

218 833 361 912 omnium
386 831 509 914 optime
532 827 615 896 mihi
642 827 781 894 videtur}
795 830 985 911 explicasse
1002 831 1126 914 anglus
1142 832 1274 914 quidam
1292 833 1380 915 apud
1399 832 1511 913 Blera.-

218 940 356 1005 ‹lesiumt
394 939 441 1016 „A
465 957 548 1002 man
576 937 656 1003 does
691 934 894 1013 thisuhen,
917 937 1027 1020 tacing
1050 938 1102 1004 his
1126 937 1189 1014 foe,
1213 939 1257 1004 he
1280 941 1386 1004 draus
1411 936 1501 1004 back

216 1047 289 1113 first
322 1064 384 1111 one
418 1044 485 1110 ioot
505 1063 546 1110 or
570 1045 632 1128 leg,
656 1045 735 1110 then
758 1043 813 1109 the
838 1044 932 1110 other
967 1063 1011 1127 up
1035 1052 1068 1110 to
1094 1046 1164 1111 that
1186 1045 1255 1112 ioot
1291 1065 1328 1111 or
1352 1047 1408 1128 leg
1432 1044 1506 1128 (ἐπὶΙ

216 1157 311 1231 πόδα,
335 1155 385 1221 ἐπὶ
408 1153 550 1232 σκέλος),
583 1153 647 1217 anti
682 1169 720 1218 so
744 1171 796 1216 on.
820 1152 975 1218 Whereas
1011 1154 1044 1219 in
1082 1154 1217 1219 hurried
1251 1153 1375 1238 .iiigirt,'
1396 1151 1502 1234 quick

217 1259 339 1337 march,
364 1264 438 1332 etc,
462 1258 513 1340 leg
536 1275 651 1340 passes
676 1257 784 1340 legin
809 1259 906 1340 quick
931 1260 1156 1325 successi0n“.

252 1365 387 1430 'Eodem
404 1364 617 1430 referendum
642 1372 721 1447 puto
788 1375 794 1400 ²
1341 1391 1343 1396 s

247 1474 432 1537 ·Αι.“1374
455 1473 589 1549 πέτομαι
624 1471 652 1536 δ’
677 1470 766 1537 donov
800 1471 906 1537 ἄλλοτ’
941 1473 988 1538 ἐπ’
1011 1473 1111 1539 ἄλλον
1135 1475 1267 1553 μελέων.
1292 1471 1388 1538 Haec
1411 1473 1508 1538 dicitv

218 1579 377 1658 Oinesia's
401 1585 499 1662 poeta
523 1577 791 1662 dithyrambicus
816 1579 901 1644 elato
926 1597 1045 1662 genere
1071 1581 1200 1646 dicendi
1225 1588 1329 1647 utens.
1371 1581 1498 1662 Vulgo,

217 1687 462 1769 praepositione
487 1687 540 1752 ἐπί
559 1685 720 1768 neglecta,
744 1692 889 1766 vertunt,
913 1688 1006 1768 quasi
1031 1695 1123 1753 esset
1156 1688 1245 1754 scius
1270 1688 1497 1764 accusativus,

220 1795 351 1877 „volatu
376 1795 446 1859 vias
470 1811 615 1875 permen,
640 1793 735 1857 modo
759 1792 829 1869 has,
853 1794 951 1859 modo
975 1794 1061 1874 ilias,
1078 1796 1279 1860 carminum“
1295 1793 1390 1877 (aa).
1404 1796 1498 1877 quod

218 1919 342 1982 vereor,
366 1919 407 1967 ne
429 1920 495 1967 non
519 1901 728 1966 rectum'sit:
752 1919 813 1966 nec
836 1903 923 1965 enim
947 1899 1049 1966 ulium
1075 1903 1183 1968 inveni
1213 1903 1411 1986 exemplum,
1439 1902 1497 1968 ubi

219 2010 268 2074 ἐπί
289 2007 352 2074 iter
376 2007 507 2079 indicet,
535 2024 597 2089 quo
623 2007 747 2089 aliquid
762 2013 929 2072 marmur.
956 2007 1036 2073 Cum
1054 2016 1171 2075 autem
1188 2011 1272 2075 hunc
1289 2010 1398 2076 iocum
1418 2027 1502 2074 cum

217 2135 246 2180 ν.
274 2120 358 2180 1398
382 2117 454 2179 τοτὲ
477 2117 533 2192 μὲν
557 2116 667 2179 νοτίαν
691 2115 825 2194 στείχων
847 2116 929 2193 πρὸς
953 2113 1031 2181 ὁδόν
1061 2135 1227 2199 comparo,
1253 2116 1311 2183 ubi
1335 2134 1400 2181 non
1427 2132 1504 2180 mse

218 2221 269 2303 gis
291 2223 373 2299 πρός
396 2220 507 2286 itineri
532 2218 744 2302 significando
777 2225 995 2301 potestesse,
1020 2224 1060 2288 de
1085 2243 1149 2305 quo
1173 2245 1203 2287 ν.
1229 2243 1311 2306 quae
1334 2223 1422 2288 infra
1450 2221 1504 2286 ‹ii-2

220 2346 342 2405 cemus,
366 2327 458 2410 venit
492 2326 572 2391 mihi
609 2329 644 2393 in
673 2333 825 2403 mentem,
849 2327 911 2394 hoc
935 2347 1066 2411 quoque
1089 2331 1234 2396 locaturi
1262 2331 1341 2411 „ad“
1367 2331 1496 2406 valere,

218 2440 256 2500 nt
290 2436 334 2500 sit
367 2435 463 2516 „volo
499 2434 595 2500 modo
630 2434 671 2498 ad
705 2434 918 2512 hancsmodo
959 2437 999 2501 ad
1034 2438 1122 2504 iiiam
1162 2439 1247 2503 viem
1277 2439 1495 2517 carminnm“,

219 2544 306 2624 quod
328 2543 410 2608 licet
431 2561 547 2624 parum
572 2542 680 2624 logice
705 2543 826 2607 dictum
852 2544 905 2618 sit,
931 2551 1039 2609 tamen
1063 2546 1210 2628 inlyrico
1235 2547 1390 2621 carmine,
1410 2562 1496 2628 quae

214 2649 301 2714 haud
316 2667 391 2716 raro
408 2649 708 2731 comico‘tenquam
734 2669 830 2716 ansas
856 2652 935 2716 dant
963 2652 1202 2729 adridendum,
1229 2650 1399 2718 offensioni
1418 2670 1497 2718 esse

216 2759 281 2824 n'on
304 2759 420 2839 potest.
446 2755 601 2839 inuae
614 2757 803 2824 Meinekeus
817 2759 916 2824 Vind.
928 2780 960 2842 p.
976 2764 1038 2824 112
1063 2760 1103 2825 de
1124 2765 1180 2827 Αν.
1198 2763 1283 2826 1338
1298 2759 1494 2842 disputavit,

260 2865 294 2949 b)
319 2867 356 2928 A.
384 2867 446 2929 982
474 2865 523 2930 ἐπὶ
545 2862 638 2931 πάντ’
663 2865 753 2941 ἀγάθ’
776 2866 909 2947 ἔχοντας
938 2869 1155 2947 ἐπικωμάσας.

260 2972 300 3036 V.
328 2973 413 3036 1360
438 2973 488 3036 ἐπὶ
511 2974 551 3036 σὲ
574 2969 647 3051 κᾶμ’
670 2972 754 3037 ἔοικε
778 2979 855 3038 θεῖν.

260 3083 319 3144 Αν.
345 3082 407 3142 717
433 3079 675 3157 ἐλθόντες-ἐπ’
692 3080 794 3158 Ιὄρνις.
822 3083 884 3146 769
909 3081 960 3161 ἐφ’
982 3081 1291 3161 ἡμᾶς-κατέπτετο.

260 3186 299 3250 R.
324 3189 384 3250 291
412 3181 484 3266 φέρ’
511 3183 560 3251 ἐπ’
586 3188 693 3264 αὐτὴν·
710 3187 762 3253 ἴω.
785 3187 910 3254 Horum
927 3189 1114 3271 verborum,
1128 3208 1211 3271 quae
1228 3195 1295 3254 tam
1312 3190 1346 3254 in
1363 3188 1498 3254 hostem

217 3293 345 3369 cadunt,
371 3310 466 3373 qnam
491 3291 524 3357 in
549 3299 740 3370 amatorem,
766 3295 916 3376 quaesita
945 3301 997 3361 est
1019 3295 1215 3378 ambiguitas
1240 3293 1498 3378 (Fritzscheusp

217 3399 378 3480 Bacchus,
403 3417 475 3464 cum
501 3399 600 3476 audit,
640 3405 805 3482 spectrum
829 3401 863 3464 in
888 3397 1058 3467 mulierem
1087 3400 1263 3467 formosam
1288 3404 1366 3468 esse
1387 3405 1494 3466 muta·

117 3505 119 3510 ’
217 3511 296 3580 tam,
320 3503 391 3569 vuit
426 3504 528 3583 adire,
565 3506 641 3587 quia
667 3511 719 3570 est
741 3505 935 3571 libidinosus
959 3506 1146 3589 (uergant
1172 3505 1210 3572 of.
1235 3506 1348 3572 schot:
1370 3507 1417 3585 ὡς
1441 3501 1498 3570 καὲ

106 3608 112 3620 ’
216 3617 386 3693 τωφεμοῦς
410 3616 466 3678 τοῦ
490 3613 658 3677 Διονύσου
694 3613 888 3692 ἐπιτηδείως.
922 3617 986 3678 646
1011 3610 1070 3692 εἴμ’
1097 3615 1147 3679 ἐπὶ
1169 3615 1266 3680 τονδί.
1306 3617 1369 3678 656
1407 3617 1493 3693 βαδι-

217 3719 447 3786 στέον-ἐστὶν
470 3720 521 3784 ἐπὶ
544 3720 644 3783 τονδί.
667 3765 689 3772 ψ
1477 3720 1490 3746 ·’

261 3827 319 3896 Ec.
348 3831 409 3893 550
435 3825 488 3906 ἐφ’
512 3828 553 3906 ἣν
576 3827 753 3911 ἐγῴχόμην.
779 3829 841 3890 616
866 3827 956 3892 ἴασιν
978 3827 1028 3892 ἐπὶ
1047 3828 1107 3905 τὴν
1130 3826 1337 3905 ὡραιοτάτην.
1361 3828 1424 3890 626
1439 3827 1497 3892 'tui'

218 3936 294 4013 τοὺς
318 3937 352 3999 δὲ
377 3934 495 4010 κακοὺς
520 3937 711 4012 βαδιοῦνται.
748 3936 811 3998 899
837 3929 889 4012 ἐφ’
915 3933 1025 4010 ἕτερον
1050 3934 1249 3999 irrisorio.
1287 3935 1350 3998 946
1377 3931 1429 4013 ἐφ’
1452 3933 1492 4009 aa

218 4044 359 4121 ἔρχομαι.
387 4040 471 4105 1080
496 4033 544 4103 ἐπ’
565 4040 690 4117 ἐκείνην
711 4041 771 4118 τήν
794 4041 894 4116 καλὴν
924 4039 1085 4118 ἀφίξομαι.
1434 4039 1435 4046 ’

262 4145 314 4212 Fr.
342 4150 416 4224 142,
443 4149 458 4210 1
485 4143 796 4211 ἀποπλευστέ’-ἐπὶ
818 4147 876 4210 τὸν
894 4145 1044 4224 νυμφίον.

263 4253 294 4336 ο)
319 4253 356 4318 N.
381 4255 444 4316 704
467 4247 514 4319 ἐπ’
540 4253 619 4317 ἄλλο
644 4253 730 4331 πήδα
751 4251 858 4330 νόημα
882 4253 1014 4331 φρενός.

262 4361 314 4424 Fr.
342 4362 418 4439 697,
446 4364 460 4423 l
490 4361 540 4426 ἐπὶ
563 4360 764 4438 κακότροπον
791 4359 943 4438 ἐμόλετον
968 4360 1048 4439 βίον.

263 4466 398 4550 4)ν111ο
431 4467 483 4532 vis
519 4473 572 4545 est
605 4465 873 4548 praepositionis,
898 4483 970 4530 cum
1005 4465 1127 4548 aliquid
1150 4461 1196 4528 aci
1219 4465 1361 4546 aliquem
1385 4465 1489 4529 locum

218 4593 334 4640 versus
356 4575 482 4639 moveri
505 4573 638 4657 dicitur,
653 4575 700 4639 ita
726 4579 845 4651 tamen,
862 4577 898 4637 ut
920 4573 949 4638 is
973 4573 1064 4638 iocus
1088 4589 1152 4638 non
1177 4572 1221 4636 sit
1244 4570 1318 4666 finis
1342 4567 1491 4636 morencii
