3298 5368
769 425 995 490 ·-1os-

262 596 429 662 aeotimes
463 595 606 661 editores
644 593 713 660 fere
738 612 850 661 omues
870 596 1094 663 accusativum
1123 595 1155 660 iu
1178 595 1279 660 verba
1300 599 1419 676 poetae
1442 611 1538 660 rece·

260 708 388 786 parunt.
412 701 456 768 Et
478 706 581 778 recte,
605 707 643 767 ut
664 701 746 767 milri
769 703 911 770 uidetur:
928 723 1002 770 uam
1027 721 1102 770 cum
1124 707 1302 786 utrumque
1324 721 1428 785 aeque
1443 706 1537 767 recte

261 807 326 874 diei
356 807 474 891 possit,
498 807 662 876 diffieilior
696 809 795 874 lectio
829 809 1051 892 praeterendo
1087 814 1149 876 ast.
1171 809 1390 886 Accusatiuus
1426 815 1537 874 autem

260 913 357 987 facile
380 915 412 980 iu
437 916 624 998 genetivum
648 916 770 980 mutari
795 901 915 997 potuit,
938 915 1054 998 utqui
1077 915 1215 982 averto
1232 915 1357 998 quietis
1373 916 1539 980 καθεύδειν

261 1019 440 1087 abhorrere
474 1020 655 1086 videretur.
696 1017 851 1086 Ceterum
887 1021 1054 1087 καθεύδων
1088 1027 1222 1104 praeter
1257 1019 1538 1103 exspectationem

260 1144 321 1209 ppo
346 1131 502 1216 φρουρῶν
525 1127 578 1190 uel
599 1127 712 1209 potius
736 1146 795 1210 pro
820 1131 976 1207 φρουρῶν
999 1129 1190 1208 τεταγμένος
1214 1127 1339 1192 dietum
1364 1131 1425 1192 ast.
1443 1125 1540 1190 Alter

262 1232 358 1326 loeus
383 1241 435 1300 est

176 1320 185 1335 r
305 1339 359 1406 Fr.
385 1343 425 1406 66
450 1340 581 1408 ἵστασθ’
605 1343 722 1421 ἐφεξῆς
745 1343 861 1420 πάντες
885 1343 935 1408 ἐπὶ
957 1346 1042 1421 τρεῖς
1066 1342 1212 1420 ἀσπίδας,
1238 1342 1326 1424 quod
1350 1341 1416 1406 iam
1437 1359 1541 1423 supra

263 1447 445 1514 attulimus.

287 1555 343 1638 ,2)
366 1555 522 1632 Poetieus
558 1560 609 1620 est
643 1557 728 1623 alter
762 1556 944 1638 particulae
983 1574 1074 1636 usus,
1109 1575 1183 1622 oum
1215 1555 1339 1638 aliquid
1362 1575 1462 1636 super
1487 1555 1542 1619 vel

261 1662 375 1743 potius
393 1682 456 1742 per
478 1661 620 1744 aliquem
647 1663 754 1728 locum
779 1659 916 1728 diffundi
938 1664 991 1728 vel
1015 1662 1141 1728 moveri
1165 1662 1328 1746 siguificat
1350 1661 1477 1746 (,ιιο“),
1504 1668 1541 1725 ut

261 1768 312 1831 ε’πί
347 1787 374 1838 o.
411 1786 481 1834 acc.
516 1770 569 1835 vir
603 1767 733 1842 differat
765 1789 786 1834 a
818 1772 869 1835 διά
893 1789 921 1835 c.
943 1789 1018 1853 gen.
1042 1770 1095 1834 vol
1118 1771 1197 1837 κατά
1221 1791 1249 1834 c.
1274 1787 1354 1836 acc:
1379 1767 1420 1832 cl.
1443 1767 1539 1832 Piud·

263 1873 356 1940 Nom.
382 1879 411 1952 6,
436 1878 479 1939 48
505 1875 582 1959 (Β.);
605 1865 735 1942 πέταται
758 1872 786 1941 δ’
822 1878 895 1943 ἐπί
924 1899 957 1942 τε
982 1879 1084 1957 χθόνα
1108 1880 1159 1944 καὶ
1184 1881 1258 1944 διὰ
1289 1868 1460 1954 θαλάσσας
1485 1895 1539 1954 τη·

262 1982 356 2047 λύθεν
390 1983 485 2062 κλέος
518 1984 636 2050 αὐτῶν.
676 1983 780 2062 Quem
817 2003 911 2050 usum
947 1985 1034 2066 apud
1068 1988 1124 2049 Ar.
1149 1985 1277 2050 duobus
1301 1984 1385 2050 locis
1408 1982 1536 2048 inveni·

263 2106 348 2171 mus,
371 2107 509 2170 quorum
534 2090 618 2156 alter
650 2091 818 2156 Alcmanis
842 2091 1014 2172 perediam
1039 2092 1196 2170 continet,
1220 2091 1305 2156 alter
1331 2109 1350 2154 a
1372 2087 1536 2172 Sophocle

260 2195 389 2276 petitus
413 2199 474 2262 ost.

213 2303 219 2317 “
307 2305 365 2365 Αν.
391 2306 456 2366 250
480 2303 531 2368 ἐπὶ
553 2304 683 2369 πόντιον
700 2305 795 2384 οἶδμα
811 2307 1175 2384 θαλάσσης-ποτῆσαι.
1200 2309 1281 2372 1339
1307 2306 1354 2382 ιὐς
1376 2305 1417 2369 ἂν
1441 2323 1539 2369 ποτα-

263 2408 540 2487 θείην-γλαυκᾶς
563 2408 612 2475 ἐπ’
636 2411 732 2490 οἶδμα
754 2413 873 2491 λίμνης.

278 2513 339 2609 Δ3)
365 2514 438 2579 Alia
476 2516 524 2580 vis
560 2517 827 2598 praepositionis,
848 2523 881 2581 et
916 2536 957 2582 ea
991 2517 1221 2596 usitatissima,
1250 2523 1302 2584 est
1328 2517 1410 2600 „ad“
1440 2520 1537 2600 „cult

262 2639 336 2686 cum
375 2643 392 2686 e
430 2623 549 2702 verbis,
584 2628 757 2690 notionem
796 2625 946 2690 movendi
986 2626 1242 2705 continentibus,
1267 2643 1480 2706 suspensum,
1503 2630 1539 2688 ut

263 2730 356 2810 πρός,
381 2732 489 2796 locum
525 2732 659 2818 iudicat,
682 2734 724 2797 ad
760 2749 855 2815 quem
890 2733 1015 2817 aliquid
1039 2739 1251 2814 promovetur
1276 2752 1417 2815 eumque
1441 2732 1538 2798 fidem

265 2835 409 2920 (usuro)
436 2839 589 2904 movendi
623 2837 731 2904 habet
767 2839 897 2904 Dicitur
932 2842 1040 2904 autem
1076 2836 1116 2906 de
1148 2846 1239 2904 motu
1264 2839 1386 2904 autad
1410 2857 1465 2904 res
1489 2838 1536 2921 (a)

265 2942 402 3020 directo,
426 2949 484 3007 aut
518 2943 560 3007 ad
593 2963 752 3025 personas
777 2945 834 3029 (b),
857 2944 1005 3010 ubilero
1037 2945 1118 3026 ,ούκ
1143 2944 1176 3008 in
1200 2945 1390 3010 uniuersum
1416 2941 1537 3026 signifi-

264 3060 320 3117 cat
343 3071 404 3118 nec
428 3050 524 3117 facile
563 3054 714 3136 „domum
750 3055 910 3122 alicuius“
950 3055 1022 3139 (Ec.
1048 3055 1134 3135 550),
1161 3072 1245 3135 quae
1273 3053 1322 3118 vis
1347 3054 1480 3138 saepius
1505 3053 1537 3116 in

165 3157 168 3164 “
264 3161 348 3238 πρός
371 3165 404 3224 et
428 3160 473 3238 ὡς
497 3165 594 3244 inest,
619 3172 676 3226 aut
699 3162 839 3244 denique
863 3163 903 3227 ad
927 3163 1093 3228 abstracta
1116 3162 1172 3246 (o),
1196 3160 1252 3225 ubi
1280 3167 1390 3226 motus
1415 3160 1539 3243 cogita-

265 3265 355 3348 tioua
378 3272 504 3330 tautum
529 3265 673 3351 fingitur.

310 3372 342 3455 a)
366 3375 405 3438 A.
430 3377 494 3437 666
516 3372 734 3453 προσέπτονθ’
770 3377 801 3440 oi
832 3381 937 3454 κακῶς
970 3375 1186 3454 ἀπολούμενοι
1209 3376 1258 3440 ἐπὶ
1282 3377 1339 3453 τήν
1363 3376 1465 3452 θύραν
1488 3393 1539 3451 μοι

269 3478 418 3559 Χαιριδῆς
454 3482 649 3560 βομβαύλιοι.
678 3482 731 3548 Ita
756 3483 965 3548 scribendum
990 3501 1062 3548 esse
1087 3500 1151 3546 nou
1175 3481 1405 3559 προσέπτονθ’,
1430 3486 1467 3546 ut
1489 3485 1539 3543 cst

135 3602 140 3612 ·
265 3586 298 3674 iu
337 3586 486 3651 omnibus
522 3587 615 3653 libris
652 3596 685 3653 et
707 3609 806 3654 manu
831 3597 864 3654 et
886 3589 974 3673 typis
1005 3590 1180 3671 descriptis
1205 3594 1339 3670 praeter
1361 3585 1535 3671 Blaydosii,

265 3701 357 3758 recte
381 3693 495 3758 docuit
507 3693 689 3760 Dawesius.
707 3694 748 3758 V.
761 3694 985 3760 Rutherfordii
999 3695 1088 3776 „The
1102 3714 1171 3760 neu
1184 3694 1411 3778 Phrynichus“
1430 3715 1462 3777 p.
1477 3695 1536 3758 373

271 3801 455 3883 callidem
480 3801 685 3867 substantivo
721 3802 875 3868 adiuncta
898 3811 951 3868 est
974 3804 1174 3885 praepositio
1200 3805 1300 3867 etiam
1324 3802 1359 3867 in
1382 3805 1442 3868 Αν.
1468 3803 1537 3865 129.

265 3908 304 3972 R.
328 3911 403 3973 436.
431 3907 478 3970 Pl.
504 3911 578 3973 962.
606 3912 701 3976 1007.
727 3909 778 3974 Fr.
807 3913 879 3975 162.

308 4014 350 4078 V.
377 4017 451 4079 321.
476 4015 581 4080 έλθὼν
604 4017 654 4080 ἐπὶ
677 4019 753 4094 τοὺς
777 4000 959 4097 καδίσκους.
997 4020 1061 4081 987
1086 4019 1135 4083 ἐπὶ
1159 4020 1216 4084 τὸν
1239 4019 1378 4097 ὕστερον
1402 4018 1462 4101 (sc.
1486 4037 1536 4080 κα·

264 4121 591 4210 biduom-uectum.

309 4231 368 4291 Αν.
396 4232 456 4292 129
482 4230 531 4294 ἐπὶ
555 4231 612 4307 τὴν
648 4230 748 4308 θύραν
787 4232 899 4296 ἐλθών.
939 4235 1022 4296 1767
1046 4231 1191 4313 (ἕπεσθε)
1225 4233 1275 4298 ἐπὶ
1297 4234 1440 4298 δάπεδον
1461 4229 1536 4304 Διὸς

265 4339 315 4400 καὶ
340 4338 434 4416 λέχος
456 4337 620 4415 γαμήλιον.
647 4339 711 4400 890
747 4338 796 4402 ἐπὶ
829 4343 981 4405 ποῑον-
996 4340 1114 4418 <ιερεῐον
1149 4343 1257 4418 καλεῖς
1290 4341 1460 4418 ἁλιαέτους
1491 4337 1536 4401 καὶ

263 4446 381 4520 γύπας;
408 4443 468 4524 „ad
494 4445 622 4526 qualem
647 4443 853 4508 victimam“.
