3298 5368
771 497 1010 584 t-rao-

275 671 375 736 ταύτό
398 669 596 736 antecedunt
618 667 680 732 bis:
705 666 835 730 καὶτὸν
859 661 1139 742 ἄρ.,νοσιι1)ιι1ιιιιι
1169 661 1220 726 καί
1254 679 1390 728 necesse
1431 667 1485 727 est
1525 680 1566 726 er

278 778 346 844 illis
370 783 480 859 aptum
507 781 692 854 censeatur,
715 773 777 837 hac
801 769 974 837 sententia:
998 767 1153 834 feminam
1179 785 1352 851 nuncupas
1372 769 1565 848 ἀλεκτρυών

272 886 406 966 pariter
427 903 467 949 aa
488 901 625 961 maram3
649 881 737 963 quod
760 879 789 944 si
812 884 875 957 est,
898 874 985 942 ialsa
1008 881 1060 940 est
1082 876 1117 939 τέ
1141 874 1337 957 particula..
1356 874 1566 953 Quocirca...

277 995 335 1071 τήν
357 1014 393 1068 γε
417 993 545 1071 θήλειαν
568 987 734 1055 scribatur
758 987 918 1066 oportet.l
946 983 1037 1047 llaec
1062 981 1241 1048 llanovius.
1262 980 1330 1048 Nec
1354 1000 1432 1049 vero
1458 983 1567 1048 intel·

278 1098 361 1162 lesit
381 1097 433 1160 vir
455 1094 700 1160 cruditissimus
722 1091 790 1158 loci
814 1095 1032 1156 structuram.
1054 1087 1136 1152 Nam
1161 1088 1262 1153 verbo
1279 1087 1377 1167 αὑτός
1393 1107 1448 1155 ras
1471 1106 1568 1156 com·

279 1208 414 1286 paratae
438 1219 538 1284 saepe
560 1219 621 1282 per
644 1199 776 1264 τέ-καί
799 1196 980 1280 particulas
1004 1195 1237 1277 adiunguntur,
1274 1195 1367 1262 cuius
1402 1197 1453 1262 rei
1481 1195 1567 1264 milri

279 1311 344 1376 duc
368 1309 516 1390 exempla
539 1308 571 1372 in
596 1312 748 1389 promptu
772 1314 858 1371 sunt:
893 1303 978 1368 Xan.
1012 1302 1109 1367 Mem.
1149 1306 1176 1380 1,
1203 1305 1231 1382 6,
1256 1308 1274 1366 2
1297 1304 1421 1383 ἱμάτιον
1443 1304 1567 1384 ἠμφίε-

279 1417 417 1483 σσιι-τὸ
441 1414 521 1480 αὐτὸ
545 1415 662 1492 θέρους
684 1434 719 1478 τε
742 1415 793 1476 καὶ
815 1417 980 1492 χειμῶνος,
1016 1415 1050 1476 et
1076 1408 1175 1491 Soph.
1199 1409 1282 1474 Phil.
1311 1413 1371 1473 119
1396 1389 1515 1490 σοφός
1539 1406 1566 1475 τ’

279 1525 320 1589 ἂν
342 1525 441 1602 αὐτὸς
463 1522 604 1599 κάγαθὸς
627 1518 732 1603 κεκλῇ’
757 1519 831 1598 ἅμα.
855 1519 972 1599 ltaque
995 1522 1146 1583 nostrum
1177 1535 1309 1582 versum
1344 1516 1391 1582 ita
1427 1523 1568 1584 verten-

279 1631 356 1696 dum
381 1629 517 1695 Rossice
554 1628 717 1693 existimo:
751 1644 816 1708 ,ru
841 1642 1030 1699 onuuanoso
1054 1644 1076 1688 u
1100 1642 1204 1706 cauny
1236 1642 1438 1690 uaausaeurs
1468 1625 1566 1690 ἀλεκ-

278 1739 396 1816 speon,
420 1755 439 1800 u
465 1738 603 1810 cauua.“
627 1733 690 1800 Sed
715 1733 792 1815 quid
813 1730 872 1798 illa
907 1732 978 1813 lege
1013 1731 1152 1797 metrica
1186 1729 1361 1797 iaciamus?
1394 1730 1565 1814 Equidem

279 1849 369 1927 puto,
394 1844 478 1909 hanc
502 1843 608 1925 legem
643 1859 707 1906 non
741 1858 815 1906 esse
852 1845 968 1904 contra
992 1839 1199 1921 proverbium
1242 1839 1313 1904 sine
1344 1839 1565 1920 exceptione,

279 1957 389 2036 atque,
413 1948 442 2016 si
465 1949 597 2014 Platoni
620 1949 745 2013 comico
769 1948 864 2013 licuit
897 1947 1193 2030 proceleusmatico
1233 1946 1282 2010 uti
1317 1946 1352 2012 in
1380 1946 1563 2014 notissimo

279 2058 337 2123 illo
362 2074 471 2124 versu:
496 2056 593 2134 οὗτος
614 2057 664 2133 τίς
688 2055 726 2135 εἷς
749 2059 820 2132 λέγε
842 2055 930 2134 ταχύ·
948 2056 977 2119 τί
997 2060 1098 2138 σιγᾷς
1119 2054 1180 2119 οὐκ
1195 2055 1292 2134 epeia
1310 2071 1369 2119 cur
1385 2071 1451 2120 non
1471 2054 1563 2120 idem

278 2165 416 2231 licuisse
439 2169 592 2246 putamus
617 2161 846 2244 Aristophani?
872 2161 1023 2227 Ceterum
1047 2161 1214 2243 Reisigius
1239 2164 1407 2240 censebat,
1426 2161 1562 2228 Aristo·

278 2271 396 2354 phanis
420 2289 553 2337 versum
575 2271 651 2336 inde
676 2272 921 2337 excusationem
947 2271 1076 2346 habere,
1102 2270 1188 2352 quod
1208 2271 1242 2333 in
1260 2271 1364 2335 altero
1382 2269 1466 2352 pede
1494 2270 1564 2336 col·

278 2378 407 2443 locatus
431 2375 618 2441 tribrachus
643 2381 734 2442 certe
757 2377 912 2442 vocabuli
938 2375 1003 2441 fine
1027 2375 1234 2453 terminatum
1256 2376 1320 2441 hoc
1344 2375 1432 2441 enim
1459 2376 1560 2442 niodo

278 2485 358 2549 item
383 2483 465 2549 oriri
490 2499 660 2548 caesuram
686 2482 728 2565 (v.
754 2483 878 2548 Hanov.
909 2485 930 2547 l.
956 2483 1011 2567 c).
1036 2481 1119 2548 Ἀλλ’
1142 2483 1186 2560 εἰς
1209 2486 1246 2548 τὸ
1270 2479 1424 2562 πρόσθεν1

322 2591 383 2656 Av.
404 2593 466 2658 4⁶1
494 2591 754 2667 δολερὸν-κατὰ
776 2591 880 2656 πάντα
896 2592 934 2669 δὴ
959 2590 1079 2668 τρόπον
1094 2590 1237 2668 πέφυκεν
1254 2589 1427 2669 ἄνθρωπος
1447 2589 1559 2672 „omni

278 2699 410 2764 ruodo“.

322 2804 359 2869 L.
387 2806 472 2870 1224
495 2805 585 2882 ὅπως
608 2805 649 2869 ἂν
671 2804 701 2868 οἱ
724 2805 875 2882 Λάκωνες
899 2805 1031 2870 ἔνδοθεν
1055 2801 1124 2868 καθ’
1148 2804 1286 2884 ἡσυχίαν
1315 2804 1451 2869 ἀπίωσιν
1477 2804 1559 2870 aaa·

277 2913 419 3012 χημένσι.

326 3016 385 3081 Th.
410 3019 474 3080 525
499 3015 598 3081 εἰπεῖν
621 3019 700 3081 κατὰ
722 3018 759 3080 τὸ
783 3019 938 3097 φανερόν.

322 3123 381 3191 Ec.
406 3124 449 3186 48
473 3123 523 3186 καί
556 3143 607 3201 μοι
640 3127 728 3188 δοκεῖ
750 3129 829 3220 norb
853 3127 975 3204 σχολὴν
997 3128 1085 3202 παρὰ
1114 3123 1254 3203 τάνδρὸς
1287 3126 1427 3192 ἐξελθεῖν
1463 3128 1557 3206 μόνη.
1595 3150 1599 3161 ·

278 3231 370 3295 luter
393 3229 446 3294 bh.
470 3230 523 3294 dd.
548 3230 689 3296 nondum
715 3230 877 3308 convenit,
902 3231 981 3313 quid
1005 3230 1068 3298 sibi
1093 3230 1172 3295 velit
1202 3230 1283 3295 illud
1318 3236 1397 3297 κατὰ
1421 3233 1556 3314 σχολήν.

279 3335 474 3419 blaydesius
497 3336 594 3413 enim,
620 3337 819 3404 scholiastae
844 3346 876 3402 et
907 3337 1027 3404 Saldae
1063 3338 1294 3402 auctoritatem
1321 3320 1464 3418 secutus,
1501 3336 1556 3421 qui

257 3440 341 3525 ,boe
364 3443 453 3522 μόλις
476 3443 495 3520 ἢ
520 3443 665 3521 ἀψοφητί
689 3443 956 3523 interpretantur,
978 3445 1061 3524 ,viru
1079 3460 1153 3508 cum
1169 3443 1322 3525 negotio“
1342 3444 1441 3510 vertit
1457 3451 1556 3527 atque

276 3549 359 3627 μόνη
384 3565 483 3614 sensu
500 3549 724 3629 „incomitata
742 3549 814 3614 sina
830 3549 950 3614 ancilla
966 3557 1024 3615 aut
1042 3549 1262 3632 pedissequa“
1274 3549 1408 3631 accipit.
1432 3551 1556 3618 Contra

279 3653 444 3719 Bruuckio
469 3657 548 3718 κατὰ
572 3670 624 3734 σχ.
650 3656 795 3735 ,otiose“
822 3655 1060 3733 videturesse,
1086 3657 1184 3738 eique
1216 3674 1352 3737 prorsus
1377 3660 1555 3726 assentior.

278 3761 403 3828 Dubito
427 3760 525 3838 eninr,
550 3779 588 3824 an
614 3780 779 3844 nunquam
804 3766 883 3828 κατὰ
906 3765 1029 3843 σχολήν
1064 3762 1178 3828 eadem
1203 3763 1247 3828 sit
1276 3770 1455 3845 potestate,
1491 3781 1555 3847 qua

276 3873 379 3952 σχολῇ
407 3868 514 3948 ,vix“,
530 3875 567 3932 ut
590 3869 660 3934 vult
684 3869 890 3954 Blaydesius‚
921 3871 1059 3936 alterius
1083 3879 1191 3936 autern
1216 3870 1466 3954 significationis
1481 3891 1555 3955 per-

277 3976 381 4042 rnulta
405 3974 553 4055 exempla
576 3974 628 4039 vel
651 3976 684 4042 in
709 3977 825 4043 lexicis
849 3975 1041 4043 afferuntur.
1065 3979 1214 4052 Accedit,
1241 3979 1327 4060 quod
1350 3980 1391 4044 de
1425 3977 1553 4046 ancillis

277 4078 331 4146 vel
355 4081 563 4163 pedissequis
587 4082 678 4147 nulla
700 4082 738 4148 iit
760 4085 794 4148 in
817 4082 928 4149 fabula
951 4085 1085 4163 mentio,
1108 4097 1146 4150 ut
1170 4092 1300 4150 ceterae
1332 4104 1463 4168 quoque
1484 4104 1553 4152 mu·

278 4188 379 4253 lieres
403 4186 494 4254 solae
519 4187 630 4254 venire
654 4189 826 4255 videantur
851 4191 930 4273 (qua
953 4208 990 4255 re
1028 4197 1136 4258 motus
1170 4191 1336 4258 Valsenus
1369 4195 1459 4273 μόλις
1494 4207 1552 4275 pro

278 4295 360 4375 μόνη
386 4294 548 4378 coniecit}
571 4295 616 4360 At
639 4294 797 4360 Branchii
820 4296 1093 4378 interpretatione
1131 4304 1278 4379 accepta,
1316 4298 1426 4363 omnia
1460 4299 1551 4364 erunt

275 4403 387 4484 plana:
408 4421 483 4468 narn
507 4421 582 4468 cum
607 4410 738 4469 ceterae
762 4405 918 4470 mulieres
942 4423 1041 4488 aegre
1064 4425 1084 4471 a
1107 4405 1189 4472 viris
1216 4405 1368 4482 exierint
1390 4405 1473 4472 haec
1490 4419 1549 4470 uua

277 4511 424 4577 omnium
457 4509 562 4577 otiose
588 4510 695 4577 exisse
731 4510 852 4577 dicitur·
887 4511 1049 4596 (Rossica
1088 4531 1201 4595 ,puna
1224 4530 1268 4576 na
1289 4513 1449 4596 rocprh“‚
1479 4513 1499 4578 i.
1522 4524 1548 4570 e·
