3326 5372
759 462 958 526 -206-

276 626 316 692 V.
330 631 384 692 ·93
407 625 426 690 ὁ
449 628 527 705 νοῦς
550 627 791 706 πέτεται-περὶ
813 627 871 706 τήν
892 628 1083 710 κλεψύδραν.

275 732 312 801 Ρ,
340 737 399 798 731
425 735 496 812 περὶ
516 737 573 812 τὰς
597 735 939 812 σκηνὰς-κυπτάζειν.

275 838 315 904 L.
342 843 380 902 17
404 842 475 918 περὶ
495 843 552 905 τὸν
576 836 665 918 ἄνδρ’
691 840 881 906 ἐκύπτασεν.

276 946 348 1012 Ηιια
370 946 537 1027 pertinent
559 965 663 1028 pauca
685 947 842 1030 exempla,
867 947 924 1014 ubi
950 948 1073 1015 locutio
1109 947 1399 1033 praepositiuuulis
1426 948 1508 1017 arti-

230 1053 305 1118 sulo
330 1052 493 1142 instructu
517 1060 569 1121 est
591 1060 648 1118 aut
671 1055 848 1123 masculini
869 1056 1001 1138 gensris
1025 1055 1084 1138 (ιι),
1106 1062 1167 1122 aus
1186 1055 1306 1124 nausti<
1320 1054 1378 1140 (δ).

277 1158 309 1241 ε)
333 1159 375 1225 V.
401 1163 484 1224 1302
509 1165 615 1239 παρῆν
629 1159 808 1240 Ἵππυλλος,
825 1158 995 1241 Ἀντιφῶν,
1014 1161 1137 1244 Λύκων,
1153 1160 1387 1242 Λυσίστρατος,
1417 1159 1509 1228 θού-

227 1282 387 1348 φραστος,
417 1267 448 1331 οί
470 1268 543 1344 περὶ
565 1266 733 1347 Φρύνιχον,
758 1285 842 1350 quae
873 1267 1059 1334 Brunokius
1096 1269 1183 1334 male
1205 1268 1315 1334 vertit:
1343 1269 1509 1352 „Hippyl-

229 1371 566 1455 lus,...Ph1·ynichus“:
591 1391 665 1438 nam
689 1374 719 1437 οί
742 1375 812 1452 περί
834 1394 903 1439 τινα
926 1373 1046 1440 Atticis
1077 1375 1176 1440 valet:
1216 1376 1355 1458 „aliquis
1380 1381 1416 1442 et
1450 1376 1509 1458 qui

232 1479 322 1542 eirca
344 1495 418 1542 eum
441 1479 550 1544 sunt“.
573 1478 689 1564 Itaque
724 1478 898 1562 Hippyllus
935 1479 1057 1561 aliique
1094 1481 1157 1546 soli
1191 1487 1362 1562 venerunt,
1401 1480 1507 1564 Phry-

230 1583 347 1652 nichus
371 1593 442 1650 eum
469 1583 539 1650 suis
562 1583 685 1652 aderat.
721 1583 766 1660 CI.
791 1585 889 1650 Hom.
912 1585 951 1650 ΙΙ.
978 1591 1007 1666 3,
1034 1589 1096 1650 146
1122 1605 1169 1670 sq.
1195 1588 1225 1652 οἱ
1247 1585 1275 1652 δ’
1300 1588 1379 1670 ἀμφὶ
1402 1589 1508 1666 Πρία-

229 1711 292 1770 μον
315 1693 366 1756 καί
387 1691 540 1757 Πάνθοον
555 1727 594 1738 -
608 1690 801 1768 Οὐκαλέγων
830 1713 865 1756 τε
903 1695 954 1756 καὶ
977 1688 1139 1774 Ἀντήνωρ
1167 1693 1337 1776 „Priamus
1361 1699 1394 1760 et
1420 1692 1508 1758 Pan·

230 1799 329 1866 ihous
354 1816 426 1863 cum
452 1798 520 1864 suis
544 1805 578 1863 et
600 1799 767 1884 Ucalegon
787 1801 1031 1882 Antenorque“.
1056 1799 1093 1866 V.
1111 1801 1278 1869 Kuehner.
1302 1803 1345 1878 II,
1368 1822 1401 1885 p.
1430 1805 1507 1868 230.

275 1905 314 1970 R.
341 1909 424 1970 1266
449 1905 479 1969 οἱ
500 1909 572 1985 περὶ
594 1908 713 1986 λίμναν,
738 1907 793 1990 qui
816 1926 931 1974 versus
957 1907 1109 1992 Aeschyli
1133 1915 1194 1976 est.
1259 1953 1263 1960 ι

275 2012 309 2096 b)
335 2011 393 2075 Tu
419 2015 481 2076 246
505 2015 546 2078 τὰ
567 2015 638 2091 περὶ
660 2015 717 2092 τὴν
741 2015 862 2094 τράμιν.
894 2018 956 2079 266
980 2018 1019 2081 τὰ
1041 2019 1112 2094 περὶ
1134 2019 1179 2082 τὼ
1204 2020 1313 2097 σκέλη.

275 2119 405 2184 Loculis
429 2116 624 2202 significatio
649 2119 736 2187 inest
761 2121 860 2198 etiam
885 2122 918 2187 in

276 2228 313 2293 A.
345 2230 428 2292 1186
452 2228 522 2304 περὶ
546 2227 633 2291 λίθον
657 2229 768 2292 πεσιύν
795 2230 852 2309 „in
882 2229 1025 2310 lapidem
1060 2230 1275 2316 impingens“.
1313 2230 1376 2298 Sed
1413 2236 1507 2298 recte

231 2333 312 2399 mihi
336 2334 465 2400 videtur
488 2332 658 2400 Bekkerus
681 2333 944 2418 Blaydesiusque
966 2337 1168 2404 Ravennatis
1204 2339 1401 2420 scripturam
1427 2357 1506 2421 pro·

231 2441 338 2517 basse,
366 2439 511 2504 dativum
536 2440 612 2525 λίθφ
637 2441 888 2522 suppeditantis.
915 2441 988 2508 Hoc
1012 2443 1098 2508 enim
1124 2445 1204 2510 satis
1222 2443 1408 2512 defenditur
1429 2463 1504 2511 cum

229 2547 335 2629 ipsius
359 2544 589 2628 Aristophanis
612 2545 685 2611 loco
709 2547 746 2610 P.
772 2550 834 2611 905
858 2550 929 2626 περὶ
944 2553 1029 2613 ταῖσι
1046 2554 1183 2630 καμπαῖς
1201 2553 1415 2630 πεπτωκότες,
1432 2557 1504 2626 tum

231 2653 382 2728 aliorum,
407 2658 444 2717 ut
467 2651 570 2718 Thuc.
599 2657 626 2732 1,
651 2657 703 2732 69,
728 2657 750 2717 4
772 2655 829 2718 τὸν
854 2655 1017 2734 βάρβαρον
1041 2655 1138 2722 αύτὸν
1160 2661 1232 2736 περὶ
1247 2661 1331 2742 αύτῷ
1348 2662 1387 2724 τὰ
1404 2661 1504 2726 πλείω

228 2761 405 2840 σφαλέντα,
430 2758 515 2841 quod
538 2763 630 2824 recte
653 2758 767 2840 Poppo
792 2758 1041 2842 interpretatur:
1068 2780 1199 2846 „propp
1234 2765 1322 2830 eirca
1357 2784 1392 2831 se
1430 2771 1503 2831 tan·
1571 2799 1572 2802 ι

224 2884 325 2946 quam
351 2866 534 2947 scopulum,
558 2867 580 2930 i.
605 2887 632 2932 e.
649 2883 708 2930 sua
733 2866 862 2948 culpa“.
891 2871 921 2944 6,
947 2869 998 2946 33,
1026 2869 1116 2933 6κῖιν
1127 2871 1198 2946 περὶ
1208 2871 1320 2948 σφίσιν
1333 2872 1445 2951 αὐτοῖς
1465 2875 1504 2937 τὰ

228 2973 326 3037 πλείω
349 2973 537 3037 πταίσωσιν.
561 2973 656 3055 Soph.
681 2973 732 3039 si.
758 2977 821 3038 828
845 2979 993 3040 πεπτῶτα
1015 2981 1097 3058 τῷδε
1119 2978 1191 3054 περὶ
1208 2980 1391 3062 νεορράντφ
1408 2980 1502 3058 ξίφει.

229 3077 310 3144 Eur.
334 3078 461 3144 Phoen.
483 3082 543 3144 881
570 3083 640 3158 περὶ
663 3085 789 3159 νεκροῖς
812 3083 1022 3160 πεπτωκότες.
1055 3081 1168 3166 Suppl.
1204 3085 1270 3148 284
1302 3088 1374 3164 περὶ
1409 3089 1504 3150 σοῖσι

230 3188 385 3263 γούνασιν
407 3188 517 3252 πίτνω.
542 3189 632 3254 Adde
656 3188 778 3253 Herod.
804 3191 835 3266 9,
861 3192 920 3254 101
948 3191 988 3268 μὴ
1021 3192 1092 3268 περὶ
1127 3191 1300 3276 Μαρδονίῳ
1334 3194 1456 3276 πταίσῃ
1484 3191 1502 3268 ἡ

230 3294 342 3370 Ἑλλάς
368 3311 429 3374 „ne
453 3293 487 3359 in
509 3287 553 3359 Μ.
577 3301 731 3378 tunquam
756 3294 790 3360 in
807 3296 979 3376 scopulum
1003 3296 1233 3378 impingeret“.

274 3398 318 3461 ΙΙ.
342 3399 468 3464 Eadem
494 3400 733 3485 significatione
761 3401 887 3481 ,οῖισιια
915 3404 1094 3486 (,ακοπο“)
1117 3405 1188 3482 περί
1207 3403 1247 3466 de
1265 3409 1403 3485 tempore
1419 3420 1501 3488 quo·

227 3522 293 3588 que
317 3504 449 3571 dicitur.
495 3519 496 3524 ’

273 3609 314 3678 V,
341 3613 378 3674 31
406 3613 496 3679 έδοξέ
519 3633 570 3691 μοι
593 3615 663 3690 περὶ
685 3619 814 3690 πρῶτον
845 3613 956 3679 ὕπνον.

274 3716 331 3782 ΙΙΙ.
357 3717 495 3801 Saepius
520 3720 598 3797 περί,
626 3718 749 3784 tralato
773 3739 871 3803 sensu
905 3727 1109 3804 usurpatum,
1133 3721 1264 3800 indicat,
1299 3723 1428 3805 qualem
1465 3741 1501 3788 se

227 3829 303 3908 quis
327 3846 406 3908 erpa
430 3827 529 3892 alium
554 3827 718 3908 praebeat,
744 3834 782 3892 ut
805 3826 926 3907 ἀγαθὸς
949 3832 1021 3909 περὶ
1054 3831 1112 3911 τὴν
1146 3831 1238 3895 πόλιν
1275 3829 1399 3911 „bonus
1423 3847 1501 3912 erga

227 3933 434 4026 civitatem“‚
453 3937 656 4012 σκαιουργεῖν
671 3937 742 4014 περὶ
759 3937 835 4014 τούς
853 3939 969 4014 γονέας
995 3937 1136 4017 „malum
1158 3954 1193 4002 se
1211 3937 1370 4018 praebere
1386 3937 1499 4002 adver·

227 4058 286 4105 sus
310 4043 494 4121 parentes“.

273 4146 311 4217 A.
337 4148 399 4212 663
423 4151 493 4225 περὶ
515 4149 572 4226 τὴν
594 4149 833 4226 πόλιν-’δειλὸς
858 4152 909 4214 καὶ
933 4151 1172 4226 λακαταπύγων.
1199 4151 1261 4214 696
1286 4151 1407 4227 ἀγαθὸν
1427 4150 1496 4228 περὶ

229 4255 286 4332 τὴν
309 4257 409 4320 πόλιν.

274 4359 312 4426 Ε.
340 4364 403 4426 764
425 4362 495 4438 περὶ
518 4363 575 4428 τὸν
597 4367 699 4442 δῆμον
721 4364 778 4428 τὸν
808 4363 984 4442 Ἀθηναίων
1018 4364 1185 4442 γεγένημαι
1221 4366 1382 4444 βέλτιστος
1407 4363 1495 4440 ἀνήρ.

228 4467 294 4528 812
318 4466 796 4547 πεποιηκότα-χρηστὰ-περί
818 4471 875 4547 τήν
900 4470 1002 4534 πόλιν.
1041 4472 1101 4534 881
1140 4471 1336 4548 μιαρώτατος
1360 4471 1405 4534 ὢν
1428 4468 1498 4545 περὶ

228 4572 289 4634 τύν-
309 4575 410 4652 δῆμον
432 4573 489 4638 τὸν
512 4571 698 4652 Ἀθηναίων.
724 4576 788 4640 878
811 4577 880 4652 περὶ
903 4577 960 4641 τὸν
983 4580 1085 4655 δῆμον
1105 4573 1195 4653 ἄνδρ’
1230 4573 1373 4654 ἄριστον.
1410 4575 1493 4640 1208

229 4678 310 4754 ἀνὴρ
335 4677 471 4756 ἀμείνων
493 4684 564 4759 περὶ
588 4683 626 4746 σὲ
651 4682 702 4744 καὶ
723 4682 781 4757 τὴν
803 4682 954 4759 γαστέρα.
