3298 5368
616 489 658 498 ...
684 458 792 516 69..

97 621 129 688 Ρ.
162 626 260 686 1146
286 622 672 700 Μανῆν-βωστρησάτω
693 621 719 684 'r
742 626 798 685 τού
823 644 852 701 χ.
881 641 937 702 „ex
962 603 1074 706 agr0“.

94 730 241 806 χύτραι
269 729 317 793 ΡΙ.
343 730 406 792 436
432 729 468 798 ἐκ
491 730 599 805 πάσης
624 749 660 805 με
684 731 791 808 χώρας
816 729 970 808 ἐκβαλεῖν.
997 730 1091 794 Hunc
1111 730 1219 794 locum
1239 713 1344 800 sanis·

53 835 169 898 simum
200 854 314 916 nuper
337 835 577 900 Heruerdenus
599 832 708 900 inutili
732 835 923 900 coniectura
956 835 1096 900 tentavit
1130 835 1288 918 (Hermae
1313 855 1343 898 v.

51 947 99 1014 24,
126 961 160 1022 p.
190 944 291 1026 634).
314 943 390 1024 „fs
413 944 522 1020 πάσης
546 943 665 1021 χώρας,
691 927 807 1028 inquit,
833 940 997 1022 signifieat
1019 960 1057 1004 err
1073 940 1161 1010 omrai
1176 921 1343 1003 terrarum

48 1045 132 1128 orbe,
162 1049 234 1112 sed
259 1056 371 1132 aperte
396 1049 561 1114 sententia
583 1048 730 1130 postulat
754 1068 770 1109 e
794 1051 862 1112 iota
886 1049 1010 1130 Attice„
1046 1047 1067 1110 i.
1101 1065 1126 1109 e
1165 1046 1200 1110 ἐκ
1233 1033 1343 1123 πάσης

47 1158 102 1229 τῆς
127 1158 263 1234 χώρας.
288 1155 336 1220 cf.
361 1145 554 1238 moreat)
579 1154 648 1219 ἀνθ’
674 1154 721 1218 ὧν
753 1155 807 1232 ἐμὲ
842 1160 985 1232 Ζητεῑτον
1017 1151 1138 1220 ἐνθένδ’
1176 1141 1345 1231 ἀφανίσαι.

49 1266 163 1335 Quare
193 1265 364 1348 corrigam
389 1267 539 1341 Ζητούντε
561 1267 618 1341 τῆς
642 1264 751 1340 πάσης
774 1283 811 1340 με
835 1264 944 1342 χώρας
966 1265 1122 1339 ἐκβαλεῖν,
1148 1278 1213 1342 qua
1233 1247 1344 1324 eorre-

49 1370 160 1432 ctione
191 1371 296 1436 simul
320 1370 507 1437 restituitur
530 1386 688 1434 numerus
711 1369 818 1433 dualis
853 1370 963 1452 aptior
999 1375 1079 1454 post
1114 1368 1344 1445 δεδράκατον“,

48 1481 79 1542 ln
102 1475 161 1542 his
191 1478 350 1544 omnibus
374 1477 453 1550 nulli
490 1467 559 1542 fere
597 1477 696 1542 verbo
724 1476 876 1550 ‚hominis
914 1475 1132 1542 eruditissimi
1169 1474 1345 1540 assentior·

49 1585 96 1645 Ae
122 1585 278 1664 primum
304 1585 433 1665 quidem
455 1584 652 1650 sententiam
676 1569 846 1670 postulare
871 1602 935 1646 non
961 1599 1001 1662 „e
1026 1588 1103 1674 tota¹
1121 1583 1263 1655 Attiea“,
1286 1579 1345 1646 sed

53 1708 89 1766 „e
114 1698 195 1756 tota
223 1691 384 1758 Graecia‘
412 1712 440 1755 ν.
466 1696 529 1755 463
556 1694 594 1755 σὲ
617 1696 748 1767 πρῶτον
772 1691 962 1770 ἐκβαλόντες
987 1691 1021 1754 ἐκ
1044 1688 1277 1767 τῆςἙλλάδος
1296 1688 1345 1751 di·

48 1799 249 1864 sertissime
274 1800 379 1864 docet.
406 1799 579 1864 Graeciam
605 1804 715 1871 autem
739 1816 799 1878 pro
825 1801 896 1860 toto
936 1795 1015 1860 orbe
1047 1802 1209 1863 terrarum
1246 1794 1345 1860 Chre·

51 1905 140 1986 mylo
168 1927 248 1972 esse
275 1907 368 1989 (quia
392 1906 549 1970 videlieet
571 1905 785 1970 barbarorum
810 1900 935 1970 nullam
953 1905 1113 1970 rationem
1130 1903 1243 1985 habet)
1272 1919 1292 1966 e
1314 1920 1344 1965 v.

49 2019 113 2076 461
146 2015 176 2078 εἰ
201 2019 346 2080 πᾶσιν
382 2016 649 2094 ἀνθρώποις
672 2012 893 2094 ἐκπορίζομεν
917 2010 1041 2084 ἀγαθόν
1065 1995 1233 2088 discimus,
1259 2008 1344 2090 quod

53 2138 119 2186 uon
145 2129 205 2186 est
223 2121 394 2199 „omuibus
410 2110 638 2209 mortalibus“‚
655 2119 712 2184 sed
741 2115 915 2195 „omnibus
941 2115 1110 2194 Graecis,
1135 2124 1173 2182 ut
1197 2135 1214 2180 e
1231 2137 1260 2180 v.
1278 2101 1341 2180 463

53 2237 160 2304 patet.
191 2228 286 2304 Quae
312 2245 384 2290 eum
408 2225 455 2290 ita
479 2227 556 2303 sint,
580 2227 658 2307 quid
683 2228 803 2308 obstat,
834 2223 1018 2302 quominus
1041 2224 1141 2290 verba
1177 2227 1214 2312 ἐκ
1234 2225 1344 2300 πάσης

53 2336 168 2411 χώρας
195 2334 426 2414 intellegamus
453 2350 511 2413 „ex
536 2334 623 2398 omni
649 2331 809 2396 Graeciae
834 2331 1012 2413 regione“?
1029 2331 1138 2415 Ipsius
1157 2349 1237 2398 vero
1260 2331 1345 2418 Her-

55 2440 209 2506 uerdeni
234 2441 427 2527 coniectura
450 2441 501 2502 vel
526 2458 565 2504 eo
589 2458 652 2504 non
675 2444 727 2503 est
749 2437 895 2515 ferenda,
921 2441 1011 2520 quod
1036 2443 1111 2522 „Aa
1136 2441 1245 2505 verbis
1270 2457 1343 2505 cum

58 2563 176 2630 praep.
206 2551 241 2614 ἐκ
266 2546 458 2631 compositis
482 2547 581 2610 locali
605 2546 775 2611 intellectu
799 2544 986 2628 simplicem
1011 2566 1085 2634 gen.
1110 2549 1180 2614 sine
1204 2547 1347 2625 repetita

58 2670 173 2736 praep.
203 2674 269 2728 non
293 2654 399 2718 iunxit
423 2653 487 2717 nisi
510 2653 566 2718 ubi
592 2654 711 2720 elatius
736 2661 906 2732 poetarum
937 2654 1066 2719 dicendi
1099 2673 1201 2736 genus
1238 2654 1346 2720 imita·

59 2761 132 2825 tur“
163 2759 317 2844 (Baehm.
342 2781 372 2842 p.
399 2765 466 2842 78).
491 2761 641 2841 Denique
663 2760 826 2843 pluralem
843 2827 847 2832 ,
864 2761 1033 2842 participii
1071 2739 1242 2828 offensieui
1279 2778 1344 2828 non

60 2881 135 2930 esse
162 2887 240 2933 eum
267 2868 343 2948 alia,
367 2876 436 2932 tum
461 2887 511 2931 vv.
535 2871 710 2932 464-465
736 2868 924 2958 ἐκβαλόντες
942 2868 1131 2934 ostendunt.
1243 2951 1246 2961 Ι

105 2973 303 3058 Sequuntur
327 2975 462 3039 nomina
482 2974 623 3054 propria
653 2975 814 3040 locorum:
1044 3037 1047 3053 ,

106 3083 288 3159 Αἴγιναε
312 3081 350 3156 Β.
376 3085 439 3144 363
464 3077 637 3158 τάπόρρητ’
661 3079 839 3161 ἀποπέμπει
863 3080 894 3144 ἐξ
919 3081 1055 3158 Αἰγίνης.

105 3189 276 3266 Ἑλλὰςε
301 3190 350 3256 Pl.
375 3191 439 3254 463
464 3189 738 3268 σέ--ἐκβαλόντες
762 3189 797 3250 ἐκ
819 3191 876 3264 τῆς
901 3186 944 3249 ‘fi
1176 3173 1180 3180 ⁴

106 3297 345 3362 Θετταλίας
372 3297 420 3362 Pl.
447 3299 507 3358 521
535 3297 623 3373 ἥκων
647 3295 681 3358 ἐκ
705 3294 887 3368 Θετταλίας.
1357 3373 1360 3385 ,

107 3405 427 3481 liurebuipurv:
463 3406 501 3471 A.
530 3408 589 3468 175
615 3405 649 3469 ἐκ
683 3402 1157 3483 Λακεδαίμονος-Ἀμφίθεος
1193 3400 1253 3480 ὁδί,
1291 3400 1351 3468 ubi

64 3509 203 3575 verbum
228 3512 382 3576 veniendi
407 3511 580 3591 cogitando
606 3509 829 3599 supplendum¹
848 3513 908 3571 est.

110 3615 146 3681 P.
173 3619 239 3681 274
263 3617 451 3694 ἕτεροντ-ἐκ
471 3617 710 3694 Λακεδαίμονος
733 3617 825 3692 μέτει.

109 3724 263 3803 Λιβύη;
289 3725 347 3788 Ar.
374 3727 458 3788 1136
483 3725 680 3802 έκ-Λιβύης
703 3723 793 3800 ἧκον.

110 3832 322 3898 Λύκειον;
346 3830 381 3893 P.
409 3834 472 3894 356
497 3813 697 3912 πλανεύμενοι
721 3831 764 3906 εἰς
789 3829 921 3894 Λύκειον
947 3830 1004 3894 κάκ
1029 3830 1174 3893 Λυκείου.

112 3927 207 4016 Μαρ
221 3944 273 4002 αθ
287 3940 354 4002 ώνε
379 3936 414 3999 R.
440 3939 523 3998 1296
548 3939 582 4000 ἐκ
608 3937 1170 4013 Μαραθῶνος-συνέλεξας-μέλη,

113 4047 361 4123 Μυτιλήνη
385 4043 423 4107 Ε.
452 4048 516 4106 834
540 4037 802 4122 δωροδοκήσαντ’
828 4044 861 4106 ἐκ
886 4043 1078 4119 Μυτιλήνης.

110 4152 375 4216 Ποτείδαια
400 4147 439 4212 Ε.
464 4151 529 4212 438
555 4151 589 4212 ἐκ
612 4149 802 4224 Ποτειδαίας
827 4150 943 4226 ἔχοντα
966 4149 1043 4212 δέκα
1066 4147 1216 4211 τάλαντα.
1274 4133 1277 4142 ’

111 4258 277 4333 Πύλος;
302 4255 342 4320 Ε.
367 4238 429 4320 742
467 4253 517 4318 ὅτι
549 4260 614 4319 τῶν
655 4256 844 4330 στρατηγῶν
878 4253 1130 4329 ὑποδραμόντων
1163 4253 1199 4315 ἐκ
1232 4249 1343 4316 Πύλου

70 4364 212 4441 πλεύσας
234 4347 437 4459 έκέῑσειτούς
461 4360 617 4438 Λάκωνας
636 4354 794 4462 ’ἤγαγον*.
818 4357 868 4422 Ita
893 4356 1030 4436 scripsit
1055 4354 1153 4420 Mein.
1178 4355 1212 4420 in
1237 4373 1345 4422 exem·

72 4510 281 4524 *qun-——n--uum

106 4586 213 4642 *Bene
230 4563 302 4639 haur
320 4541 464 4639 laetisnem
484 4546 639 4643 Brunekius
655 4549 769 4658 refutat:
791 4542 932 4653 «primum,
951 4545 1167 4650 inuuit,'felsum
1186 4585 1236 4647 eet,
1261 4577 1344 4654 duees

74 4672 172 4730 Athen.
191 4689 207 4728 e
225 4672 292 4744 Pylo
310 4673 459 4743 aufugisse,
478 4660 647 4728 ’21]ααύοά
666 4669 721 4725 diei
734 4657 830 4740 'potuit
848 4665 1023 4737 ὑποδραμεῖν
1043 4669 1074 4723 ἐκ
1091 4663 1219 4720 Πύλου».
1302 4668 1304 4676 ’
