3328 5370
597 1317 1057 1403 PRAEFATIO.

234 1557 304 1622 Duo
328 1568 414 1630 suut,
442 1573 525 1636 quae
547 1555 612 1618 hoc
635 1553 719 1640 libro
754 1554 927 1618 tractanda
962 1555 1041 1619 mihi
1068 1557 1239 1636 proposui:
1264 1564 1301 1621 ut
1336 1559 1467 1626 Aristo·

185 1665 300 1745 phanis
323 1682 420 1730 usum
447 1661 732 1744 praepositionum
757 1679 854 1744 quam
888 1661 1140 1744 diligentissime
1174 1670 1403 1746 perscrutarer
1433 1674 1467 1733 et

185 1773 226 1838 iis
249 1771 344 1849 locis,
368 1769 427 1852 qui
462 1767 694 1844 offerebantur,
719 1786 815 1832 veras
842 1769 1003 1833 lectiones
1035 1770 1263 1836 constituendo
1287 1791 1348 1853 pro
1374 1775 1464 1840 virili

183 1881 278 1958 parte
304 1893 440 1958 operam
465 1892 629 1938 navarem.
654 1872 707 1938 Ac
731 1872 771 1938 da
795 1873 906 1959 priore
930 1873 999 1952 illo,
1023 1875 1136 1956 quanti
1152 1876 1197 1942 sit
1212 1878 1369 1944 momenti
1390 1898 1464 1944 curn

185 1985 228 2048 ad
251 1982 442 2048 universam
464 1981 598 2064 linguae
622 1979 770 2044 Graecae
803 1981 985 2055 scientiam,
1020 1986 1088 2046 tunr
1125 1982 1167 2046 ad
1201 1983 1458 2066 Aristophanem

188 2092 293 2172 ipsum
319 2099 352 2155 et
374 2087 632 2170 inteilegendum
654 2092 691 2150 et
717 2086 966 2164 emendandum,
1002 2088 1079 2169 quia
1113 2089 1286 2154 notissima
1321 2109 1376 2156 res
1401 2100 1463 2173 est,

186 2213 464 2277 supervacaneum
503 2193 654 2258 existimo
689 2193 789 2274 ioqui.
814 2191 929 2259 Potius
951 2195 1053 2276 igitur
1080 2196 1120 2260 de
1143 2197 1283 2275 ratione,
1308 2216 1405 2279 quarn
1428 2201 1462 2265 in

186 2305 292 2368 altere
312 2302 475 2384 propositi
505 2306 600 2381 parte
622 2305 758 2364 secutus
783 2318 869 2378 sum,
888 2301 1004 2382 paucis
1028 2320 1197 2384 exponam.
1237 2305 1329 2370 Meas
1355 2307 1465 2372 conie-

188 2416 298 2474 cturas
321 2410 428 2474 nullas
451 2407 523 2472 fere
547 2406 681 2486 protuli,
707 2425 747 2470 ne
772 2407 805 2470 in
829 2405 956 2484 silvam,
981 2415 1017 2471 ut
1032 2410 1133 2485 aiunt,
1151 2409 1239 2492 ligna
1261 2411 1346 2476 ferre
1373 2413 1462 2478 vide·

187 2536 251 2583 rer:
275 2522 400 2582 tantam
424 2517 513 2580 enirn
539 2531 650 2578 earum
675 2513 740 2576 vim
774 2513 929 2578 Germani
956 2515 1055 2602 Angli
1072 2519 1204 2582 'Batavi
1237 2517 1466 2600 profuderant,

189 2629 228 2688 ut
250 2642 324 2687 eum
348 2641 519 2690 numerum
544 2621 801 2687 imminuendum
839 2623 1119 2706 coercendumque
1142 2625 1264 2708 potius,
1298 2645 1396 2708 qnam
1421 2629 1463 2694 acl

188 2730 382 2794 immensum
404 2727 528 2796 frustra
553 2727 736 2810 augendum
753 2728 943 2794 arbitrarer.
961 2729 1073 2810 itaque
1091 2732 1207 2796 sedulo
1226 2750 1359 2814 operam
1376 2734 1462 2815 dedi,

191 2841 227 2900 ut
250 2836 419 2902 meliorum
443 2837 596 2902 codicum
620 2834 805 2912 lectionem,
830 2835 1028 2900 Ravennatis
1053 2842 1086 2901 et
1108 2837 1241 2913 Veneti,
1268 2841 1331 2904 nisi
1354 2841 1383 2906 si
1406 2847 1465 2906 aut

186 2943 429 3027 grammaticae,
451 2949 509 3008 aut
533 2943 702 3020 metricae,
728 2947 785 3006 aut
808 2942 991 3008 sententiae
1014 2953 1221 3028 repugnaret,
1248 2948 1356 3029 quoad
1384 2967 1460 3030 pos-

187 3069 268 3129 sem,
291 3051 459 3118 mordicus
481 3057 640 3136 tenerem.
670 3045 760 3126 Quos
795 3050 852 3114 ubi
884 3049 972 3114 inter
1007 3071 1041 3116 se
1075 3052 1266 3134 discrepare
1300 3054 1461 3136 videbam,

188 3158 332 3223 Vahleno
357 3159 583 3239 obtemperare
609 3155 766 3237 optimum
790 3155 878 3222 factu
910 3175 983 3222 esse
1017 3159 1141 3239 putavi,
1170 3160 1217 3226 ita
1248 3163 1288 3226 de
1323 3164 1384 3229 hac
1420 3186 1456 3230 re

187 3265 345 3330 iudicanti
367 3265 412 3348 (p.
437 3266 504 3348 23):
529 3265 600 3344 ,De
624 3263 773 3330 codicum
797 3264 930 3328 illorum
953 3265 1183 3332 aestimatione
1206 3270 1253 3334 ita
1268 3269 1458 3338 iudicemus

188 3373 341 3438 universe
365 3378 512 3438 neutrum
537 3372 632 3437 alteri
664 3371 861 3437 auctoritate
894 3377 1063 3452 praestare
1097 3380 1135 3438 ut
1168 3375 1300 3442 unicum
1335 3382 1453 3444 testem

191 3496 263 3542 cum
285 3477 348 3544 fide
372 3479 467 3561 sequi
489 3479 597 3561 liceat,
622 3479 681 3544 sed
705 3479 858 3560 quoniam
882 3497 995 3544 verum
1017 3480 1051 3545 in
1069 3480 1226 3546 utrolibet
1242 3500 1317 3548 esse
1336 3490 1459 3566 potest,

192 3588 361 3676 utriusque
386 3588 567 3669 scripturas
590 3587 694 3654 libero
731 3587 853 3652 iudicio
888 3587 1114 3670 expendendas
1149 3594 1183 3653 et
1219 3597 1327 3656 utram
1360 3598 1460 3672 poeta

189 3693 367 3775 digniorem
392 3712 465 3760 esse
485 3693 632 3760 rationes
656 3692 810 3758 evincant
832 3692 1075 3758 retinendam“.

230 3801 269 3868 Ιιι
291 3801 374 3868 locis
398 3798 574 3871 afferendis
601 3806 732 3868 secutus
769 3818 841 3865 sum
875 3801 911 3866 in
945 3799 1306 3884 Thesmophoriazusis,
1343 3803 1458 3890 Rapis,

191 3907 441 3986 Ecclesiazusis,
465 3906 561 3972 Pluto
589 3907 769 3984 Velsennm,
806 3908 839 3972 in
874 3907 1012 3992 reliquis
1035 3906 1154 3973 fabulis
1179 3907 1399 3990 Meinekeum,
1423 3912 1456 3977 in

188 4015 380 4100 fragmentis
417 4015 590 4082 Kockiurn.
628 4016 719 4084 Alias
750 4034 877 4098 quoque
905 4016 1065 4082 editiones
1093 4017 1253 4090 consului,
1296 4025 1333 4084 ut
1370 4018 1457 4084 Bek-

188 4125 268 4204 keri,
291 4124 435 4204 Bergkii,
460 4123 634 4204 Blapdesii,
658 4123 786 4199 Bothei,
811 4121 970 4188 Dindorfii
996 4123 1148 4208 (Parisiis
1164 4124 1251 4204 apud
1270 4125 1455 4210 Didotum),

188 4231 333 4308 Elmslei,
346 4231 479 4315 Engeri,
491 4231 681 4316 Fritzschei,
696 4229 883 4314 Hirschigii,
901 4231 1052 4310 Holdeni,
1067 4231 1451 4318 Invernizii-Beckii-

188 4337 358 4415 Diodorfii,
374 4339 503 4418 Kookii,
521 4337 646 4416 Merrii,
662 4337 827 4416 Muelleri,
842 4338 999 4417 Richteri,
1012 4336 1342 4418 Teuffelii-Kaehleri;
1357 4340 1451 4425 scho-

190 4447 234 4514 lia
256 4445 356 4512 affero
381 4445 559 4514 seeundum
593 4444 757 4510 Duebneri
791 4445 978 4510 editionem.
1004 4445 1179 4510 Praeterea
1202 4446 1276 4528 pius
1299 4444 1447 4514 minusve

191 4573 267 4620 usus
291 4573 364 4620 sum
389 4553 661 4630 comediarum
692 4553 743 4619 his
768 4553 872 4618 libris:
896 4617 898 4624 ,
