3326 5372
650 471 847 528 -167-

164 632 202 696 V.
227 639 308 698 1167
331 635 382 699 ἐπὶ
403 635 514 712 γήρως
536 635 681 715 χίμετλον
703 635 802 700 οὐδὲν
826 641 980 714 λήψομαι,
1003 641 1040 700 ot
1062 643 1155 700 recte
1179 635 1390 718 Hirachigiut

112 739 303 804 emeochrit
324 759 459 822 pravam
483 741 635 806 codicum
659 743 848 814 lectionem,
873 761 1016 826 quorum
1048 761 1121 808 cum
1147 743 1249 810 ceteri
1276 760 1391 812 omnes

110 848 165 910 ε’πὶ
185 847 268 928 γήρᾳ
290 847 443 927 habeant,
468 848 614 914 Venetus
639 849 741 926 solus,
764 869 863 915 verae
880 851 1067 932 scripturae
1085 850 1224 932 vestigia
1244 869 1389 926 servans,

111 953 166 1016 ε’πὶ
186 953 274 1030 γήρω
298 953 446 1034 praebet.

157 1059 220 1139 ἐφ’
242 1061 299 1137 ἡσ
310 1084 328 1126 υ
341 1083 360 1141 χ
372 1063 382 1126 ί
394 1080 455 1140 ας
476 1062 513 1125 V.
533 1065 619 1125 1517
636 1060 679 1128 ‘iv‘
695 1061 748 1143 ἐφ’
763 1063 1065 1143 ἡ.-βεμβικίζωσιν
1081 1064 1217 1141 ἑαυτούς
1236 1064 1390 1142 „libaro“.

157 1167 227 1231 ἐπὶ
259 1169 502 1247 νεότητος
537 1171 577 1232 Α.
612 1173 673 1234 211
712 1171 772 1234 οὐκ
806 1171 847 1235 ἂν
877 1167 925 1236 ἐπ’
963 1173 1043 1247 ἐμῆς
1065 1191 1102 1246 γε
1123 1173 1277 1249 νεότητος
1301 1173 1338 1253 (ἰ.
1362 1191 1392 1236 e.

108 1273 267 1356 ἐξέφυγε).

156 1377 198 1442 V.
223 1382 309 1444 1199
333 1385 474 1446 σεαυτοῦ
497 1385 596 1448 ποῖον
619 1382 660 1446 ἂν
681 1384 767 1450 λέξαι
789 1385 896 1461 δοκεῖς
919 1382 970 1448 ἐπὶ
993 1383 1146 1460 νεόιητος
1169 1383 1268 1460 ἔργον
1284 1382 1390 1462 ἀνδρι-

109 1486 256 1551 κώτατον
281 1487 337 1569 „in
359 1487 530 1554 iuventute
554 1489 755 1571 patratum‘.

654 1793 863 1860 ΠΡΟΣ.

152 1975 205 2042 De
225 1979 346 2059 forma.
370 1979 509 2045 Praeter
530 1981 688 2045 usitatam
712 1978 851 2044 formam
885 1977 983 2058 πρός,
1017 1977 1104 2061 apud
1139 1979 1196 2044 Ar.
1231 1977 1387 2046 undecies

109 2085 226 2150 dorica
247 2085 355 2151 fornia
369 2089 441 2152 αοιί
456 2087 635 2167 invenitur,
652 2105 717 2170 qua
733 2103 865 2169 semper
880 2087 976 2150 homo
994 2085 1199 2167 Megarensis
1214 2087 1249 2153 in
1265 2086 1389 2152 Achar-

109 2192 269 2260 neosibus
291 2199 326 2258 et
347 2195 495 2260 Lacones
518 2195 552 2260 io
576 2193 762 2276 Lysistrata
788 2198 937 2257 utuntur.
975 2191 1066 2256 Haeo
1101 2193 1218 2269 forma,
1243 2215 1252 2258 ι
1274 2191 1388 2258 littera

110 2303 186 2363 ante
209 2301 367 2378 vocalem,
392 2297 512 2386 spiritu
535 2319 653 2384 aspero
679 2300 855 2380 signatam,
876 2295 973 2376 elisa,
993 2297 1026 2362 io
1042 2295 1117 2362 ποθ’
1138 2305 1298 2376 mutatum
1315 2304 1391 2363 ante

113 2403 246 2470 articuli
269 2406 400 2482 formas,
426 2430 445 2472 a
468 2431 486 2472 τ
510 2408 716 2490 incipientes,
741 2407 812 2470 ποιί
835 2421 985 2490 apocopa
1008 2402 1159 2482 afficitur,
1184 2414 1222 2470 ut
1243 2426 1305 2470 ποτ
1319 2401 1386 2471 fiat.

111 2512 277 2595 Integram
302 2513 403 2596 igitur
427 2513 564 2580 formant
588 2515 660 2580 ποιί
683 2514 716 2578 ιιι
740 2512 776 2578 L.
801 2515 842 2576 82
868 2512 1017 2595 legimus
1041 2511 1115 2577 ποθ’
1138 2512 1173 2578 in
1195 2511 1232 2575 1..
1258 2513 1311 2576 87.
1335 2516 1388 2576 96.

114 2625 211 2698 1076;
234 2642 295 2687 ποι
319 2640 393 2687 cum
417 2624 476 2687 τάν
500 2622 690 2704 copulatum
715 2621 749 2685 in
772 2622 812 2684 A.
838 2622 911 2683 732.
939 2621 1012 2683 783.
1037 2617 1073 2683 L.
1101 2621 1196 2697 1006;
1211 2617 1297 2684 idem
1314 2636 1387 2683 cum

108 2729 145 2792 τό
170 2729 203 2792 in
227 2730 268 2792 A.
293 2731 368 2793 761.
391 2727 429 2794 L.
457 2732 531 2804 117;
554 2729 642 2793 idem
667 2745 740 2793 com
764 2727 803 2791 τύ
836 2727 869 2791 in
893 2725 929 2790 L.
967 2729 1049 2791 1253
1086 2737 1120 2790 et
1156 2745 1230 2791 cum
1265 2726 1322 2804 τάς
1356 2723 1388 2790 in

108 2835 144 2898 L.
168 2838 266 2906 1264.

149 2939 202 3020 De
224 2962 299 3006 usu.
322 2937 485 3005 adverbii
508 2939 612 3006 vicem
635 2949 694 3021 i:
705 2941 840 3018 προσέτι
865 2939 1033 3021 „insuper,
1066 2943 1276 3022 praeterea‘)
1300 2939 1383 3018 πρός

107 3049 157 3115 his
179 3049 263 3116 loeis
278 3049 373 3132 gerit:
395 3047 427 3132 1)
450 3047 543 3112 nulla
565 3046 630 3110 alia
653 3045 765 3111 addita
788 3046 1032 3128 particula-io
1056 3045 1094 3112 R.
1119 3049 1180 3111 611
1209 3047 1383 3111 κλέπτοντα

107 3159 189 3234 πρὸς
211 3157 390 3236 τάλλότρια
411 3155 444 3224 2)
461 3154 573 3219 addito
591 3155 642 3218 καί
658 3154 692 3217 in
706 3153 851 3217 ¹formula
865 3155 916 3217 καὶ
930 3155 1023 3231 πρός;
1040 3155 1078 3218 Α.
1097 3157 1180 3218 1229
1193 3155 1243 3219 καὶ
1255 3153 1337 3232 πρός
1352 3147 1383 3229 γ’

108 3265 247 3342 ἄκρατον
270 3264 382 3344 ἐγχέας
405 3260 540 3342 ἄμυστιν
563 3263 714 3340 ἐξέλαψα.
753 3259 792 3326 Ε.
832 3262 896 3324 578
931 3263 983 3327 καὶ
1017 3263 1100 3340 πρὸς
1132 3261 1192 3328 οὐκ
1225 3261 1384 3340 αἰτοῦμεν.

106 3367 155 3433 Pl.
182 3370 265 3432 1001
292 3370 342 3433 καὶ
362 3369 446 3447 πρὸς
469 3369 520 3434 ἐπὶ
541 3365 667 3443 τούτοις
701 3363 798 3442 cirtem
838 3364 872 3447 3)
908 3363 1005 3445 idem,
1041 3364 1200 3431 vocabulo
1224 3365 1310 3430 inter
1334 3365 1385 3430 καί

108 3485 141 3539 ct
163 3475 245 3553 πρός
265 3474 450 3541 interiecto:
474 3474 510 3545 P.
539 3476 578 3538 19
603 3475 654 3537 καὶ
677 3473 799 3538 σαυτόν
828 3492 864 3549 γε
888 3473 981 3552 πρός.
1016 3471 1053 3539 L.
1079 3475 1143 3536 628
1168 3474 1218 3536 καὶ
1241 3471 1385 3536 διαλλάτ-

108 3600 169 3645 τειν
192 3582 276 3658 πρὸς
297 3580 382 3660 ἡμᾶς
406 3581 543 3660 ἀνδράσι
565 3581 773 3657 Λακωνικοῖς,
797 3585 835 3643 ut
857 3586 950 3646 recte
965 3579 1053 3645 hunc
1070 3579 1180 3645 locum
1197 3577 1384 3645 Bruockius

108 3690 343 3768 interpretatus
367 3695 428 3752 est.
452 3687 494 3753 R.
519 3694 584 3753 416
609 3687 733 3764 κᾶγωγε
757 3687 842 3765 αρός
864 3687 900 3765 (ἰ.
926 3706 954 3752 e.
981 3687 1126 3770 χορεύειν
1150 3687 1326 3768 βούλομαιχ
1351 3683 1386 3770 4)

109 3793 218 3858 addito
242 3797 277 3859 δέ
305 3795 339 3859 in
362 3795 400 3859 It
426 3800 488 3861 697
514 3798 598 3875 πρὸς
620 3797 656 3859 δὲ
679 3796 808 3873 τούτοις
833 3795 918 3874 εἰκὸς
945 3797 1036 3876 ὑμᾶς,
1060 3799 1098 3861 o‘i·
1116 3801 1180 3862 κτλ.

151 3901 282 3967 Ceteris
307 3902 457 3967 omnibus
475 3902 561 3968 locis
578 3904 660 3981 ιιρύς
674 3901 879 3983 praepositio
904 3909 965 3978 est,
984 3903 1179 3986 saepissime
1195 3899 1387 3968 accusativo

109 4010 218 4072 iuncta
242 4005 412 4094 (iffi-ies),
437 4007 546 4073 rarius
570 4007 726 4092 genetivo
752 4007 889 4091 (os-ies)
912 4017 946 4072 et
972 4010 1083 4076 dativo
1108 4009 1256 4094 (Si-ies).

389 4310 427 4373 Α.
451 4311 587 4388 Πρός,
617 4328 644 4379 c.
670 4327 762 4373 acc.
788 4311 1114 4386 coniunctum,

151 4476 177 4542 I.
202 4477 319 4545 Laodi
342 4499 443 4546 sensu

154 4587 185 4669 1)
207 4587 234 4650 Ε
259 4587 368 4653 verbis
392 4587 542 4654 movendi
566 4585 635 4652 sive
658 4585 814 4669 propriis,
840 4588 910 4652 sive
935 4589 986 4662 iis,
1011 4587 1043 4652 io
1067 4584 1186 4668 quibus
1210 4583 1303 4651 notio
1318 4599 1390 4650 roo·

113 4693 201 4758 vendi
224 4694 336 4774 lateat,
362 4713 559 4778 suspensum
586 4693 689 4760 iocum
713 4693 847 4768 indicat,
872 4695 917 4758 aci
947 4711 1042 4776 quem
1067 4689 1192 4773 aliquid
1216 4707 1389 4774 promove-
