3326 5372
727 479 928 540 -222-

195 649 272 724 aiat,
299 648 357 714 scd
379 665 439 730 pro
465 644 663 716 secundario
687 651 786 728 atque
811 647 908 712 otiam
934 663 1032 727 saepe
1055 645 1152 732 plane
1171 663 1229 726 pro
1247 644 1472 712 additamento

190 755 311 836 accipi,
335 756 424 822 idem
450 754 483 820 in
507 759 563 820 Ar.
587 771 717 836 quoqne
743 754 839 820 cadit:
865 755 927 820 σύν
947 753 1033 820 enim
1070 772 1243 842 personam
1280 760 1313 819 et
1339 753 1473 820 maioris

195 871 229 930 et
252 865 389 930 minoris
413 864 571 928 momenti
594 862 726 940 indicat,
751 865 827 943 μετά
859 867 918 928 aut
951 880 1073 946 parem,
1108 868 1165 929 aut
1198 861 1394 944 grauiorem
1418 880 1474 928 res

195 971 282 1054 apud
298 971 358 1036 σύν
383 971 544 1038 secundas
568 975 679 1051 partes
704 970 782 1052 agit,
805 969 891 1050 apud
909 971 985 1050 μετά
1002 975 1057 1036 ant
1074 968 1145 1050 pari
1160 973 1326 1037 momento
1340 973 1402 1044 est
1416 973 1476 1033 aut

194 1079 319 1144 leviore
343 1077 394 1159 (V.
422 1079 509 1162 349).
525 1080 669 1142 -Μετά
700 1076 891 1158 plerumque
915 1076 1066 1157 personis
1090 1076 1236 1158 iungitur
1253 1145 1256 1154 ,
1272 1077 1329 1158 (73
1363 1070 1474 1162 locis),

194 1184 298 1249 multo
322 1183 430 1249 rarius
454 1185 553 1249 rebus
578 1184 612 1267 (8
636 1183 733 1267 locis)
758 1188 791 1247 et
815 1182 992 1249 abstractis
1017 1181 1048 1265 (1
1074 1181 1173 1266 loco).
1203 1179 1252 1248 Of.
1277 1183 1472 1250 Mommsen.

193 1310 225 1374 p.
251 1295 305 1354 45.
329 1291 378 1354 De
402 1290 502 1356 rebus
519 1296 552 1356 ot
567 1291 744 1356 abstractis
761 1288 842 1355 illud
868 1294 983 1354 notatu
1007 1289 1142 1374 dignum
1168 1295 1228 1364 est,
1245 1287 1380 1368 pestiis
1405 1303 1472 1351 non

196 1396 328 1478 adiungi
340 1396 374 1461 in
388 1396 527 1462 senariis
540 1396 604 1461 nisi
618 1396 745 1462 duobus
758 1395 842 1461 locis
856 1397 909 1479 (fr.
926 1400 988 1460 245
1003 1405 1035 1461 et
1047 1397 1136 1479 473),
1150 1397 1312 1478 tragicum
1326 1394 1473 1459 colorem

192 1502 401 1570 habentibus.
428 1502 592 1584 Sequitur,
617 1502 873 1586 Aristophanem
898 1523 917 1568 a
941 1503 1130 1583 quotidiano
1156 1521 1306 1568 sermone
1328 1501 1473 1566 alienum

194 1613 330 1692 putasse
354 1607 432 1688 μετά
454 1609 553 1674 rebus
577 1608 723 1690 iungere.
753 1608 919 1674 Personae
944 1609 1047 1674 multo
1076 1610 1209 1689 saepius
1244 1609 1277 1672 in
1315 1607 1476 1689 singulari

195 1719 361 1796 ponuntur
385 1714 441 1798 (43
466 1715 571 1795 locis),
596 1733 692 1796 quam
718 1717 750 1780 in
772 1716 894 1798 plurali
918 1718 975 1798 (28
998 1716 1106 1800 locis);
1121 1716 1172 1781 bis
1189 1715 1273 1797 plur.
1291 1733 1366 1782 cum
1391 1713 1474 1796 sing.

190 1822 392 1891 coniunctus
418 1828 478 1888 est.
505 1820 551 1889 Cf.
576 1822 770 1888 Mommsen.
795 1842 825 1904 p.
852 1826 906 1886 44.
932 1823 1057 1900 Quibus
1085 1823 1253 1905 expositis,
1279 1823 1321 1888 ad
1343 1821 1476 1902 singula

195 1929 365 1995 veniamus
389 1934 487 2012 atque
512 1930 603 2012 prius
628 1931 667 1996 de
691 1930 854 2010 personis,
880 1935 948 1996 tum
975 1931 1139 1996 derebus
1164 1947 1307 2012 agamus.

240 2037 266 2107 Ι.
295 2039 325 2118 1)
351 2039 442 2102 Μετά
467 2037 668 2103 consortium
705 2039 767 2102 loci
791 2037 923 2114 indicat
953 2038 975 2102 i.
1011 2058 1040 2108 e.
1076 2038 1217 2120 aliquem
1254 2037 1367 2102 codem
1401 2037 1477 2102 loco

190 2164 261 2229 quo
286 2146 386 2210 alium
412 2145 609 2210 commorari
634 2145 681 2228 (a)
707 2145 758 2208 vel
781 2145 906 2210 moveri
932 2145 980 2229 (b)
999 2143 1169 2226 significat.
1187 2143 1315 2210 Plurali
1337 2161 1477 2208 numero

196 2251 356 2328 iunctum,
381 2257 514 2333 praeter
541 2254 667 2333 „cum“‚
692 2253 791 2317 etiam
817 2253 943 2332 „inter“
969 2253 1053 2318 verti
1077 2255 1198 2334 potest,
1224 2269 1306 2334 quae
1329 2254 1383 2316 ost
1401 2251 1476 2315 eius

196 2361 246 2425 uis
269 2359 440 2442 primitiva
462 2359 504 2439 (v.
530 2361 721 2424 Mommsen.
745 2379 776 2442 p.
801 2360 869 2444 43).

243 2467 274 2550 a)
299 2466 334 2549 α)
358 2461 452 2548 stop.
477 2466 515 2532 Α.
543 2468 627 2530 1148
651 2467 815 2532 καθεύδειν
838 2470 914 2545 μετὰ
937 2469 1117 2546 παιδίσκης.

240 2571 278 2635 N.
303 2574 366 2635 462
390 2573 448 2635 τὸν
470 2572 573 2636 πάντα
594 2573 712 2650 χρόνον
737 2570 799 2650 μετ’
825 2573 901 2651 ἐμοῦ
932 2574 1152 2650 Ζηλωτότατον
1187 2573 1254 2650 βίον
1293 2571 1477 2648 ἀνθρώπων

194 2680 319 2758 διάξεις.
344 2679 574 2744 Baehmannus
599 2677 643 2760 (p.
671 2682 735 2758 13),
761 2679 897 2756 mirans,
922 2681 1084 2762 quomodo
1108 2679 1207 2745 homo
1231 2678 1381 2745 mortalis
1401 2695 1476 2742 cum

195 2786 345 2861 nubibus,
371 2787 392 2849 i.
408 2806 433 2852 e.
459 2785 546 2850 inter
570 2785 680 2862 nubes
705 2787 737 2852 in
762 2787 921 2852 societate
940 2788 1075 2852 nubium
1093 2786 1191 2870 (coni.
1208 2787 1267 2850 Αν.
1289 2789 1363 2850 753.
1386 2780 1476 2870 155),

197 2894 297 2957 vitam
322 2911 420 2974 egeto
444 2898 534 2956 recte
560 2893 625 2956 dici
649 2893 765 2974 possit,
789 2913 850 2976 pro
875 2895 938 2973 μετ’
966 2896 1043 2974 ἐμοῦ
1079 2894 1211 2974 reponit
1247 2896 1324 2972 μετὰ
1347 2894 1416 2964 νοῦ,
1444 2891 1477 2954 id

197 3000 283 3082 quod
308 3018 367 3079 ego
392 2998 503 3065 miror.
536 2999 753 3066 Obliviscitur
778 3002 865 3066 euim
888 3003 939 3066 vir
962 3003 1087 3079 doctus,
1113 2999 1341 3084 Aristophanis
1360 2998 1478 3064 Nubes

196 3123 262 3170 nou
287 3104 416 3184 ὁμίχλην
440 3108 490 3170 καὶ
514 3107 636 3184 δρόσον
660 3110 710 3172 καὶ
736 3110 857 3174 καπνόν
881 3128 966 3187 esse,
1002 3109 1060 3178 sed
1082 3110 1171 3184 deas,
1197 3127 1279 3191 quaa
1304 3108 1345 3172 ad
1369 3106 1475 3172 homi·

197 3231 255 3278 nes
280 3213 314 3276 in
338 3216 460 3276 terram
484 3212 683 3278 descendant
705 3221 803 3296 atque
828 3216 927 3281 etiam
952 3236 1026 3282 cum
1051 3217 1238 3282 homiuibus
1256 3214 1477 3282 sermocinen-

197 3328 262 3385 tur:
288 3319 471 3384 rootissimo
496 3321 597 3403 igitur
619 3322 717 3387 homo
742 3323 775 3386 in
800 3342 909 3388 earum
944 3325 1102 3389 societate
1139 3325 1237 3388 vitam
1276 3341 1372 3403 agere
1408 3321 1477 3386 dici

196 3432 317 3510 potest.

242 3532 278 3597 P.
307 3535 390 3596 1330
415 3532 478 3613 μετ’
503 3533 812 3612 ἐμοῦ-κατακείσει.

241 3640 277 3707 L.
304 3642 367 3704 904
392 3641 591 3719 κατακλίνηθι
621 3639 686 3720 μετ’
711 3644 799 3721 ἐμοῦ.

241 3745 299 3814 Ec.
329 3749 392 3811 243
418 3749 494 3826 μετὰ
517 3747 654 3827 τάνδρὸς
678 3747 779 3833 ᾤκησ’
804 3752 839 3815 ἐν
861 3752 973 3816 Πυκνί.

243 3854 289 3919 ΡΙ,
316 3858 380 3918 504
406 3856 483 3932 μετὰ
507 3857 770 3923 σοῦ-σύνεισιν.
795 3857 971 3940 (Similiter
996 3857 1170 3937 exremis,
1187 3876 1260 3922 cum
1279 3875 1391 3939 praep.
1414 3859 1479 3922 σύν

194 3963 405 4044 compositis,
430 3962 642 4042 suspenditur
678 3967 753 4042 μετά
777 3965 876 4029 otiam
901 3965 934 4028 in
959 3965 994 4030 Α.
1022 3970 1095 4029 277.
1122 3968 1197 4029 661.
1233 3964 1271 4029 Ε.
1299 3968 1373 4029 229.
1400 3970 1480 4030 597.

199 4071 238 4135 N.
262 4074 337 4137 475.
373 4070 409 4133 Ρ.
448 4072 523 4132 818.
563 4073 657 4134 1116.
692 4070 728 4134 L.
764 4075 840 4136 438.
880 4073 977 4138 1221.
1014 4071 1073 4136 Th.
1103 4077 1178 4140 432.
1214 4072 1251 4136 R.
1277 4074 1352 4137 782.
1383 4076 1480 4137 1513.

199 4177 259 4243 Ec.
288 4174 395 4263 1695),
423 4178 487 4241 564
511 4178 683 4256 κοσμιότης
708 4177 787 4242 οἰκεῖ
810 4178 873 4257 μετ’
897 4182 985 4258 ἐμοῦ.
1022 4184 1102 4244 1061
1130 4179 1209 4246 εἶναι
1233 4179 1296 4260 μετ’
1318 4179 1432 4257 αὐτῆς.

245 4284 315 4348 Huc
341 4282 535 4348 referendus
559 4288 610 4347 est
632 4283 725 4348 locus

242 4390 291 4468 Pl.
319 4394 382 4456 843
409 4390 459 4473 (τὸ
483 4391 675 4474 τριβώνιον)
700 4393 718 4456 ὃ
743 4394 833 4472 φέρει
856 4395 892 4458 τὸ
917 4397 994 4472 μετὰ
1018 4397 1079 4458 σοῦ
1111 4396 1280 4472 παιδάριον
1303 4395 1400 4458 τουτί.
1426 4395 1480 4459 lta

143 4561 150 4579 ,
202 4494 359 4564 velserus
386 4496 493 4563 edidit
517 4497 744 4564 de'ltloinekei
769 4501 962 4566 coniectura
986 4500 1098 4583 (vind.
1115 4521 1145 4584 p.
1165 4501 1254 4582 216),
1272 4499 1364 4565 libris
1383 4521 1481 4582 prae-

199 4604 352 4672 bentibus
377 4606 454 4684 μετὰ
476 4608 537 4669 σοῦ
561 4607 598 4671 τὸ
622 4611 705 4671 παιδ.
744 4607 839 4684 Quod
862 4627 936 4673 cum
961 4605 1039 4672 ferri
1063 4625 1129 4672 non
1152 4608 1259 4688 possit
1286 4609 1373 4691 (nam
1399 4613 1481 4686 μετὰ
