3328 5370
772 457 932 514 .-e-

258 619 316 686 Ec.
342 622 405 682 243
429 620 530 704 ᾤκησ
553 622 588 686 ἐν
611 627 647 704 τῇ
673 621 716 684 Π.

258 724 317 790 Πύ
331 729 348 789 λ
361 745 379 789 ο
392 746 417 802 ς;
442 725 480 788 Ε.
506 729 546 789 76
572 727 716 805 ἔχει-τὸ
741 727 857 803 σκέλος
873 727 908 790 ἐν
922 726 963 789 Π.
988 729 1052 790 355
1075 727 1151 806 τοὺς
1163 727 1198 791 ἐν
1215 729 1256 794 Π.
1274 728 1485 805 στρατηγούς.

260 831 296 898 L.
324 834 386 901 104
410 831 428 896 ὁ
452 831 479 896 δ’
505 834 582 914 ἐμὸς
605 835 797 916 (ἀνήμλ-ἐν
820 836 862 898 Π.
884 834 1056 916 (ἄπεστιν).

258 939 415 1004 Πύλαι
441 938 476 1008 L.
504 942 585 1004 1131
615 941 744 1020 βωμούς
766 941 1083 1018 περιρραίνοντες-ἑ
1126 943 1167 1008 Π.

259 1049 550 1131 Σαμοθρᾴκη;
574 1046 609 1112 Ρ.
633 1052 696 1112 277
721 1048 756 1112 ἐν
779 1048 1048 1129 Σ.,μεμυημένος.

259 1155 414 1232 Σάμοςε
439 1154 473 1218 L.
500 1157 562 1218 313
587 1159 652 1219 τῶν
676 1155 710 1218 ἐν
734 1156 768 1216 Σ.
794 1158 994 1231 στρατηγῶν.

260 1260 470 1340 Σύβαρις
498 1263 581 1325 1434
607 1262 641 1324 ἐν
665 1264 699 1324 Σ.
723 1260 802 1338 γυνή
827 1280 904 1324 ποτε
935 1254 1058 1326 κατέαξ’
1083 1263 1199 1340 ἐχῖνον.
1297 1299 1299 1306 ·

260 1366 349 1429 Φαν
363 1368 404 1430 αί
425 1366 528 1448 (loeus
552 1367 677 1448 tiamsi:
701 1367 760 1430 Αν.
788 1369 872 1434 1694
896 1366 1044 1432 ἐστι’-ἐν
1068 1367 1357 1444 Φαναῖσιν-γένος.

260 1472 335 1537 Ηυο
358 1475 522 1554 pertinent
546 1473 645 1540 etiarn
668 1474 803 1546 uomina
822 1471 981 1553 fororum,
1005 1472 1061 1541 ubi
1098 1471 1224 1560 aliquid
1259 1474 1359 1540 venit.
1394 1473 1488 1551 Quos

216 1579 309 1668 looos
332 1579 407 1648 ideo
431 1599 580 1646 seorsum
603 1586 748 1648 tractare
774 1581 886 1660 statui,
917 1581 1003 1662 quod
1038 1577 1119 1648 illud
1155 1580 1322 1662 singulare
1356 1581 1488 1660 habent,

216 1691 254 1750 ut
277 1705 316 1750 ex
340 1689 505 1753 communi
528 1706 622 1754 more
645 1689 821 1754 verborum
845 1707 904 1770 pro
928 1687 998 1754 foro
1024 1707 1063 1756 ea
1087 1705 1171 1769 quae
1207 1687 1254 1752 ibi
1279 1693 1418 1756 veneant
1439 1689 1488 1753 di-

217 1798 333 1860 cantur
357 1794 412 1878 (af.
436 1795 560 1879 Reisig.
585 1794 619 1864 C.
644 1816 676 1878 p.
701 1799 793 1879 241).
1370 1877 1372 1886 Ι

261 1901 299 1968 Ε.
326 1905 410 1967 1375
435 1905 472 1968 τὰ
496 1905 763 1986 μειράκιαε-τάν
797 1910 848 1982 τῶ,
878 1904 978 1986 μύρῳ,
1001 1903 1058 1967 ubi
1090 1900 1194 1970 schol:
1218 1903 1321 1974 οὕτως
1344 1901 1489 1980 Ἀττικῶς

217 2009 285 2074 ἀντὶ
307 2012 364 2077 τοῦ
389 2011 423 2075 ἐν
447 2011 666 2096 μυροπωλείῳ,
682 2013 746 2078 ἀπὸ
763 2016 828 2077 τῶν
844 2011 1064 2088 πωλουμένων
1077 2011 1153 2087 τοὺς
1169 2011 1289 2087 τόπους
1305 2011 1490 2084 καλοῦντες.

261 2115 298 2179 V.
325 2118 388 2178 789
413 2115 646 2194 διεκερματίζετ’
668 2119 704 2182 ἑν
726 2121 795 2195 τοῖς
826 2117 959 2196 ἰχθύσιν.

261 2220 297 2285 L.
322 2222 386 2284 557
410 2221 468 2285 κάν
491 2224 575 2286 ταῖσι
598 2222 726 2302 χύτραις
750 2226 891 2300 καὶτοῖς
927 2224 1112 2301 λαχάνοισιν
1147 2223 1352 2301 περιέρχεται,
1376 2220 1432 2284 ubi
1457 2218 1491 2284 in

214 2325 308 2395 libris
332 2329 404 2394 vice
427 2345 523 2400 versa
538 2327 650 2411 priore
666 2327 741 2395 ioco
766 2332 825 2407 καί,
850 2329 955 2402 altero
980 2330 1038 2400 κάν
1060 2329 1206 2411 positum
1231 2333 1291 2402 eat,
1317 2328 1401 2392 unde
1431 2326 1489 2391 alii

213 2433 308 2498 sedes
332 2451 447 2499 eorum
471 2439 691 2512 mutaverunt,
716 2435 772 2498 alii
796 2435 973 2516 utrobique
999 2435 1057 2499 κάν
1081 2433 1297 2514 seripserunt.

262 2541 319 2606 Th.
345 2544 408 2608 448
426 2541 728 2621 στεφανηπλοκούσ’
745 2543 779 2608 ἐν
795 2545 865 2619 ταῖς
882 2542 1053 2620 μυρρίναις,
1070 2541 1126 2606 ubi
1142 2540 1366 2606 Fritzsaheus:
1386 2539 1490 2618 „Mire

218 2647 354 2727 fallitur,
379 2647 493 2730 inquit,
520 2647 626 2713 Schol.
650 2648 742 2726 Rau,
767 2648 796 2714 si
821 2648 953 2730 quidem
978 2649 1058 2714 haec
1081 2647 1182 2712 verba
1212 2647 1259 2712 ita
1294 2646 1492 2727 interpreta-

216 2757 282 2830 tur,
306 2755 357 2817 διὰ
380 2757 538 2832 μυρρινῶν
563 2753 748 2832 στεφάνους
771 2754 945 2818 ποιούσα“.
971 2751 1066 2818 Hune
1091 2753 1146 2834 qui
1171 2769 1300 2833 semper
1323 2751 1493 2832 impugnat

218 2857 379 2942 angerus:
408 2859 477 2940 „At
493 2864 595 2944 recte,
620 2857 739 2939 inquit,
761 2858 952 2937 scholiasta,
990 2859 1045 2940 qui
1068 2859 1132 2926 hoe
1156 2859 1234 2926 vult:
1263 2859 1312 2922 ἐν
1329 2857 1491 2936 μυρρίναις

219 2963 321 3046 sedet,
346 2965 422 3047 quia
444 2969 588 3047 myrteos
613 2982 752 3030 coronas
777 2966 890 3032 nectit.
914 2965 985 3034 Non
1010 2973 1098 3033 reote
1132 2967 1236 3049 igitur
1261 2964 1300 3036 G.
1324 2963 1492 3028 Bekkerue

217 3072 251 3144 in
276 3071 426 3139 Chariole
449 3073 474 3148 I,
500 3091 531 3153 p.
558 3077 622 3138 278
648 3073 694 3156 [p.
721 3075 778 3137 161
807 3073 963 3140 editionis
989 3093 1007 3138 e
1033 3073 1163 3146 Goellio
1186 3071 1401 3153 retractatae]
1426 3075 1493 3140 eta·

218 3179 291 3259 tuit,
315 3179 422 3245 forum
447 3179 501 3246 ubi
527 3198 668 3245 coronae
692 3181 926 3256 vendebantur,
953 3181 1098 3260 μύρριναι
1122 3179 1210 3262 (aiei)
1247 3195 1320 3244 esse
1344 3177 1492 3246 nomina·

217 3287 320 3350 tum“.
337 3285 434 3351 Hune
451 3305 531 3352 vero
548 3288 670 3351 refutat
686 3285 769 3352 God.
787 3287 996 3352 Hermannus
1011 3285 1182 3368 (Opusaul.
1200 3305 1230 3348 v.
1246 3283 1335 3359 VIII,
1353 3303 1384 3365 p.
1404 3282 1494 3365 299),

141 3471 144 3482 Ι
219 3394 276 3474 qui
299 3393 369 3458 eius
393 3393 700 3478 interpretationem
726 3394 845 3461 scholii
872 3413 972 3476 „ganz
1010 3391 1225 3469 unatatthaft“
1262 3397 1356 3458 vocat
1389 3390 1495 3456 Fritz-

219 3500 373 3582 scheique
399 3502 659 3585 explanationem
685 3501 755 3585 („in
778 3502 862 3579 foro,
881 3502 936 3567 ubi
954 3506 1100 3584 myrteae
1118 3517 1258 3566 coronae
1274 3495 1495 3575 venduntur“)
1555 3511 1557 3516 ’

219 3625 327 3673 veram
353 3628 427 3676 esse
450 3608 503 3672 vel
527 3625 566 3671 ex
590 3628 619 3672 v.
645 3613 707 3674 457
734 3625 895 3688 apparere
920 3607 1012 3685 dicit,
1036 3607 1092 3672 ubi
1120 3605 1248 3672 mulier:
1273 3602 1340 3669 ἀλλ’
1359 3604 1403 3680 εἰς
1418 3603 1494 3678 ἀγο-

219 3716 279 3792 ράν
303 3714 415 3794 ἄπειμι,
439 3714 557 3796 inquit,
581 3718 630 3780 δεῖ
652 3717 712 3792 γὰρ
737 3715 894 3793 ἀνδράσιν
917 3717 1026 3786 πλέξαι
1050 3713 1234 3792 στεφάνους
1258 3717 1322 3780 κτλ.

263 3819 322 3884 Ee.
348 3822 410 3914 302
436 3821 656 3898 καθῆντο-ἐν
680 3823 749 3899 τοῖς
773 3824 1037 3902 στεφανώμασιν.
1099 3857 1100 3862 1

261 3928 297 4011 b)
320 3929 425 3994 Venio
450 3930 491 3994 ad
515 3947 572 3994 eoa
596 3929 699 4016 lorea,
723 3930 757 3996 in
781 3931 900 4012 quibus
925 3931 959 3996 ἐν
983 3930 1130 3994 iunctum
1153 3932 1206 3992 est
1227 3925 1288 4002 καί,
1317 3942 1380 4006 quo
1405 3923 1495 3990 aedi·

217 4036 306 4114 titia,
329 4036 545 4120 vasa„libros
571 4039 602 4101 et
625 4036 657 4101 io
681 4054 784 4119 genua
809 4037 874 4102 alia
896 4034 1014 4101 refero.
1040 4033 1216 4100 Ordiamur
1243 4031 1345 4113 igitur
1380 4029 1419 4094 ab
1444 4047 1496 4092 oe·
1524 4099 1526 4102 ,

219 4142 353 4223 diffletis,
378 4145 407 4209 si
430 4143 551 4225 placet.

264 4251 448 4329 ἄντρονε
472 4253 532 4317 Av.
556 4254 642 4320 1097
665 4252 905 4332 χειμάζω-έν
940 4250 1057 4328 κοίλοις
1090 4251 1121 4315 ἄ.

264 4359 322 4426 Th.
360 4362 445 4428 1019
476 4361 534 4424 τὰν
558 4361 592 4425 ἐν
616 4360 753 4439 ἄντροις.

264 4467 390 4545 αὐλή;
416 4467 474 4532 Au.
503 4469 586 4534 1085
612 4468 797 4547 εἱργμένους
821 4467 856 4531 ἐν
880 4465 971 4547 αὐλῇ.

266 4577 531 4655 βαλανείου
556 4573 595 4640 E.
623 4573 711 4638 1060
735 4575 792 4649 τὰς
815 4573 957 4651 πυέλους
980 4568 1198 4648 καταλήψεσθ’
1223 4572 1257 4636 έν
1282 4571 1450 4653 βαλανείῳ.
