3326 5372
715 443 911 506 -227-

223 608 261 673 P.
296 611 338 674 72
368 613 445 691 μετὰ
478 609 986 691 ταύτα-είσὴγαγε--κάνθορδν,
1026 616 1090 679 900
1114 614 1324 698 τρίτῃ-μετὰ
1360 612 1450 679 ταῦθ’

173 715 391 796 ἱπποδρομίαν
413 717 514 785 ἄξετε.

224 823 283 894 Αν.
310 827 373 890 713
397 828 474 906 μετὰ
496 829 595 892 τούτο
622 827 746 907 φανείς.

224 929 261 995 L.
286 933 350 997 525
373 935 449 1011 μετὰ
471 931 560 998 ταῦθ’
591 932 832 1013 ἡμῖν-ἔδοξεν.

224 1037 282 1104 Ec.
307 1041 372 1104 914
396 1042 447 1106 καὶ
481 1040 579 1107 τᾶλλα
615 1041 644 1121 μ’
678 1041 775 1108 οὐδὲν
796 1045 835 1108 τὰ
859 1045 934 1122 μετὰ
962 1046 1061 1108 ταῦτα
1084 1047 1133 1108 δεῖ
1156 1044 1266 1119 λέγειν.
1291 1044 1342 1109 lia
1364 1043 1451 1110 hunc

175 1163 311 1212 versum
336 1147 470 1229 scripsit
483 1147 652 1225 Velsenus,
667 1147 853 1216 Dobraeum
878 1153 1022 1227 secutus,
1048 1153 1085 1216 ut
1108 1149 1219 1215 versui
1243 1153 1307 1215 920
1330 1169 1453 1218 conve·

174 1253 277 1320 niret.
301 1251 391 1318 Libri
415 1252 577 1320 exhibent:
612 1258 663 1320 καὶ
688 1253 774 1322 τᾶλλ’
800 1257 897 1322 οὐδὲν
920 1259 996 1336 μετὰ
1018 1260 1117 1322 ταῦτα
1139 1257 1189 1338 (με
1212 1260 1314 1322 ταῦτα
1338 1260 1380 1340 Ν)
1405 1263 1454 1324 δεῖ

175 1361 291 1438 λέγειν.
317 1361 380 1426 Alii
405 1361 470 1427 alia
493 1365 671 1428 tentarunt.

223 1465 272 1534 Pl.
297 1472 360 1534 707
385 1471 462 1548 μετὰ
484 1465 873 1553 ταῦτ’-ἐνεκαλυψάμην.
898 1473 962 1537 883
987 1473 1064 1551 μετὰ
1086 1469 1173 1538 ταῦτ’
1195 1468 1270 1551 ἦσθ’
1293 1470 1412 1552 ἄθλιος.

224 1580 332 1656 μετὰ
365 1581 514 1644 ταύτας
543 1577 579 1646 V.
599 1583 662 1644 120
676 1582 753 1659 μετὰ
768 1577 854 1645 τοῦτ’
870 1581 1101 1659 έκορυβύντιζε.
1122 1581 1200 1644 1021
1223 1581 1300 1658 μετὰ
1311 1584 1452 1647 τούτο-

176 1687 385 1752 κινδυνεύων.

225 1794 283 1860 Αν.
308 1797 369 1858 811
398 1798 492 1862 θῦσαι
517 1798 593 1875 μετὰ
620 1799 725 1861 τοῦτο.

224 1897 282 1966 Th.
308 1905 369 1966 631
395 1903 481 1968 τίδὲ
505 1907 581 1982 μετὰ
604 1907 700 1969 τοῦτο
725 1905 884 1984 δεύτερον;
902 1909 964 1969 655
990 1909 1067 1985 μετὰ
1090 1910 1453 1988 τούτο-χρὴ-Ζητεῑν.

224 2010 262 2075 Β.
291 2015 352 2076 143
375 2015 451 2091 μετὰ
473 2012 559 2078 τοῦτ’
582 2011 803 2094 ὄφεις-ὄψει.
842 2017 926 2078 1026
950 2013 1017 2078 εἶτα
1052 2014 1179 2093 διδάξας
1207 2015 1340 2094 Πέρσας
1375 2020 1453 2095 μετὰ

175 2123 285 2195 τοῦτο,
310 2119 350 2184 de
376 2137 439 2202 quo
464 2121 536 2185 loco
560 2121 634 2185 vide
660 2119 887 2186 Fritzscheum
914 2123 956 2187 ad
980 2120 1037 2186 Th.
1057 2124 1132 2186 655.

224 2226 282 2292 Ec.
306 2229 368 2292 427
396 2229 472 2306 μετὰ
495 2229 803 2309 τούτο-εύπρειπλς
825 2231 1193 2310 νεανίας-ἀνεπήδησε.

224 2333 272 2402 Pl.
297 2337 360 2399 678
386 2340 462 2416 μετὰ
498 2341 787 2416 τούτο-περιῆλθε
821 2339 897 2417 τοὺς
933 2338 1071 2418 βωμούς.
1112 2338 1175 2401 697
1201 2340 1277 2416 μετὰ
1300 2342 1395 2405 τοῦτο
1420 2335 1455 2403 δ’

178 2449 242 2527 ἤδη
282 2451 333 2512 καὶ
366 2449 493 2524 γέλοιον
525 2445 605 2522 δῆτά
638 2466 666 2508 τι
697 2444 845 2522 ἐποίησα.
886 2445 947 2506 727
974 2445 1052 2521 μετὰ
1086 2447 1181 2507 τοῦτο
1215 2452 1259 2528 τῷ
1283 2446 1454 2511 Πλούτωνι

176 2557 423 2637 παρεκαθέζετο.

227 2664 319 2731 Aliae
344 2662 545 2730 locutiones:

226 2773 264 2838 Ε.
293 2776 354 2837 132
379 2772 455 2851 μετὰ
480 2774 596 2834 τοῦτον
620 2767 709 2847 αὖθις
733 2768 990 2848 προβατοπώλης
1013 2766 1175 2846 δεύτερος.

226 2879 265 2944 N.
291 2886 332 2944 30
357 2881 435 2956 ἀτὰρ
458 2879 486 2942 τί
508 2878 604 2957 χρέος
626 2877 685 2954 ἔβα
700 2897 736 2954 με
750 2877 827 2954 μετὰ
849 2877 907 2938 τὸν
919 2874 1059 2950 Πασίαν;
1088 2877 1169 2936 1131
1185 2873 1318 2952 πέμπτη,
1332 2877 1453 2955 τετράς,

177 2991 277 3068 τρίτη,
317 2989 394 3067 μετὰ
430 2986 548 3064 ταύτην
582 2983 724 3061 δευτέρα.
764 2983 848 3045 1134
875 2981 971 3059 εὐθὺς
1005 2982 1082 3059 μετὰ
1104 2979 1222 3059 ταύτην
1247 2977 1316 3044 ἔσθ’
1339 2982 1394 3060 ἕνη
1420 3003 1454 3046 τε

178 3099 231 3162 καὶ
253 3096 322 3161 νέα.

228 3201 267 3266 V.
295 3203 377 3264 1037
403 3199 466 3279 μετ’
489 3197 593 3263 αὐτόν
616 3200 684 3276 τοῖς
708 3197 853 3275 ἠπιάλοις
885 3197 1090 3276 ἐπιχειρῆσαι,
1114 3201 1151 3260 ui
1173 3203 1264 3262 recte
1287 3193 1457 3260 Bentleius

181 3307 367 3376 emendavit
390 3306 539 3372 codicum
563 3305 762 3387 scripturam
787 3301 854 3384 μετ’
876 3304 987 3369 αὐτοῦ.
1017 3307 1099 3369 1243
1117 3307 1194 3384 μετὰ
1214 3309 1329 3370 τοῦτον
1351 3304 1458 3383 Αίσχί·

181 3419 413 3499 νης-δὲξεται,

227 3527 262 3593 P.
289 3529 352 3592 665
377 3525 641 3603 ἐλθοῦσα-μετὰ
663 3523 722 3588 τάν
743 3523 853 3607 Πύλῳ.

228 3635 285 3699 Ατ.
313 3638 396 3698 1493
421 3633 555 3712 σμικρόν
579 3653 606 3696 τι
630 3634 707 3711 μετὰ
735 3632 942 3712 μεσημβρίαν.

228 3743 283 3808 Th.
308 3745 373 3807 440
397 3743 424 3806 εί
447 3743 533 3816 λέγοι
549 3735 620 3818 ’μετ’
645 3741 755 3818 αὐτὴν.
780 3739 923 3803 Codices
946 3737 1020 3815 παρ’
1044 3735 1152 3814 αὐτῆς,
1168 3735 1256 3818 quod
1281 3754 1354 3801 cum
1379 3733 1457 3801 ferri

184 3869 248 3918 non
268 3852 385 3936 possit,
410 3849 449 3913 ab
473 3847 548 3913 aliis
573 3844 605 3912 in
628 3847 702 3926 παρ’
735 3847 836 3926 αὐτήν
869 3851 1026 3923 mutatur,
1043 3844 1130 3926 quod
1159 3844 1238 3908 item
1275 3861 1372 3908 sensu
1404 3861 1457 3907 ca·

183 3967 243 4036 ret,
269 3979 288 4026 a
312 3958 520 4028 Bachmanno
553 3960 598 4039 (p.
628 3956 681 4039 15)
717 3955 750 4020 in
786 3952 850 4034 μετ’
887 3953 997 4032 αὐτήν,
1022 3952 1108 4034 quod
1133 3952 1248 4018 saltem
1275 3950 1456 4016 sententiae

184 4068 344 4134 convenii.

227 4177 284 4243 Ec.
307 4178 372 4240 408
396 4177 473 4252 μετὰ
495 4176 611 4239 τοῦτον
640 4173 965 4249 Εύαίων-παρῆλθε,

229 4281 367 4347 Ρ1.930
391 4278 571 4359 ἀποδύομαι
595 4279 661 4359 μεθ’
685 4280 818 4360 ἡμέραν,
842 4277 897 4342 ubi
924 4275 1023 4342 schol.
1058 4279 1224 4340 annotant:
1248 4274 1318 4338 ἀντὶ
1340 4276 1397 4338 τοῦ
1425 4275 1460 4338 ἐν

184 4389 296 4474 ἡμέρη.
321 4389 462 4456 Ἀττικὸν
484 4389 520 4452 δὲ
542 4387 581 4451 τὸ
604 4393 720 4467 σχῆμα·
749 4385 815 4466 μεθ’
837 4385 960 4465 ἡμέραν
989 4384 1051 4461 γάρ
1072 4396 1181 4462 φασιν,
1206 4380 1266 4446 οὐκ
1288 4382 1322 4448 ἐν
1345 4379 1459 4464 ἡμέρᾳ.

186 4501 310 4581 ltaque,
336 4504 372 4562 ut
394 4493 450 4577 ἀφ’
475 4495 614 4573 ἑσπέρας
637 4494 772 4576 proprie
796 4493 884 4557 vaiet
904 4492 963 4575 „ab
987 4492 1120 4555 ineunte
1139 4491 1313 4572 vespei·e“,
1327 4487 1374 4554 ita
1391 4494 1459 4568 μεθ’

185 4607 306 4686 ἡμέραν
334 4609 427 4688 „post
450 4602 580 4671 initium
604 4602 702 4680 diei“,
727 4602 748 4667 i.
774 4620 802 4668 ο.
831 4599 1032 4686 „interdiu“.
