3326 5372
665 467 707 480 --
732 433 794 496 201
821 467 863 478 -

25 565 26 568 Ἴ
142 597 285 684 renti),
308 597 362 666 hh.
387 599 441 666 dd.
465 599 617 668 omnibus
640 599 745 669 modis
767 599 850 668 hnee
872 601 1049 669 emendare
1073 600 1256 677 studebunt,
1274 600 1333 667 sed
1346 598 1414 670 itm

143 709 216 770 stro
237 705 389 774 videntur
413 725 545 790 operoru
567 707 760 790 perdidisse.
784 707 929 774 Dobreei
952 707 1038 782 enim
1070 708 1295 777 coniectorem
1318 707 1414 791 (doo-

24 817 25 836 ’
140 836 200 894 περ
222 817 294 894 πέρι
308 815 450 896 μαντεία)
466 815 590 898 optimo
606 815 678 881 iure
694 815 886 882 Meinekens
901 813 1012 898 (Vind.
1027 834 1058 898 p.
1085 817 1163 902 101)
1182 823 1218 884 et
1232 819 1410 884 Buohnron·

143 940 206 990 nus
230 921 275 1004 (ρ.
299 921 357 1006 26)
380 921 587 1002 domuerunt
612 921 750 993 Volsoni
782 922 967 993 emendatio
999 922 1140 1005 (ὅσαπερ
1174 929 1232 1003 τῆς
1267 925 1414 1004 μαντείας

147 1027 337 1112 διακρίνειν),
360 1027 531 1096 leuissimo
553 1027 612 1096 ille
632 1029 776 1111 quidem,
800 1043 917 1098 vereor
940 1047 980 1096 ne
1007 1029 1191 1110 speciosior
1225 1030 1280 1106 sit,
1317 1046 1414 1111 quem

25 1143 26 1148 ’
142 1133 263 1218 verior,
288 1135 316 1200 si
340 1135 469 1217 quidem
493 1134 581 1200 volet
606 1153 719 1216 „orem
743 1135 869 1217 putetis.
900 1134 1088 1216 disseptare
1123 1136 1240 1213 οιαιιίο,
1266 1153 1350 1216 οιτον
1373 1135 1415 1202 nd

143 1241 378 1308 divinationem
399 1240 620 1324 perdurante
657 1241 821 1316 sententie
856 1241 942 1308 eninr
978 1241 1060 1308 hese
1082 1242 1250 1324 postulare
1275 1243 1414 1310 uidetur:

147 1347 258 1432 „dovre
279 1349 405 1430 putetis
426 1347 585 1432 quidquid
607 1347 721 1414 futuro
740 1345 943 1430 providendo
979 1349 1060 1428 στοβ
1087 1355 1124 1416 ut
1146 1350 1248 1428 φήμη,
1272 1350 1416 1428 πταρμός

135 1470 221 1536 ete,
246 1456 267 1520 i.
292 1472 322 1524 e.
345 1459 409 1520 πᾶν
431 1456 469 1520 τὸ
492 1455 537 1534 εἰς
561 1456 710 1535 μαντείαν
733 1459 914 1531 συντεῖνον,
945 1461 982 1520 ut
1008 1460 1060 1522 est
1094 1456 1128 1522 in
1163 1455 1238 1524 1οοο
1273 1455 1416 1522 Tuumne

143 1562 241 1646 stag„
266 1563 306 1630 ab
330 1561 566 1644 interpretibus
589 1562 698 1631 alleto.

188 1669 224 1734 lt
253 1673 293 1734 14
317 1670 624 1750 βουλευσομέναισιν
648 1671 688 1736 ού
712 1672 784 1748 περὶ
805 1671 935 1749 φαύλου
958 1671 1153 1750 πράγματος.
1193 1673 1234 1737 37
1259 1672 1417 1748 περὶτῶν

146 1773 398 1858 Ἀθηνῶν-οὐκ
420 1776 700 1856 ἐπιγλωττήσομαι.
731 1780 795 1842 190
831 1777 985 1855 μὴ-είς
1018 1775 1126 1843 ἀσπίδ’
1160 1775 1285 1860 ὀμόσῃς
1320 1777 1418 1854 μηδὲν

146 1889 274 1968 εἰρήνης
296 1888 378 1965 πέρι.
402 1889 466 1952 602
490 1887 563 1966 ὑμῖν
576 1921 616 1934 -
630 1889 779 1966 περὶτοῦ
804 1890 946 1968 πολέμου
969 1891 1028 1966 τῆς
1051 1886 1077 1952 τ’
1099 1887 1227 1966 εἰρήνης
1250 1887 1417 1965 ἐμέλησεν.

145 1999 212 2064 613
235 1997 263 2059 τί
287 1993 490 2074 βεβούλευται
511 1997 584 2072 περὶ
605 1998 669 2062 τῶν
692 1995 1110 2073 σπονδῶν-παραγράψας
1134 1996 1198 2059 596
1220 1995 1293 2071 περὶ
1308 1997 1419 2060 τῶν*

146 2108 254 2182 κορῶν
275 2138 308 2150 -·
324 2101 467 2180 derdere.
499 2103 562 2166 627
586 2101 901 2180 λαλεῖν-ἀσπίδος
922 2105 1041 2182 χαλκῆς
1063 2103 1145 2179 πέρι.
1181 2103 1245 2166 668
1268 2100 1328 2166 κᾶν
1349 2101 1421 2178 περὶ

146 2210 274 2287 ἀνδρῶν
297 2203 326 2284 γ’
351 2207 472 2290 έμιτέσῃ
496 2207 594 2285 λόγος
615 2228 671 2286 τις.
689 2209 772 2272 1235
799 2207 1077 2287 ἀγγέλλομεν-ού
1100 2207 1202 2274 ταύτὰ
1224 2213 1291 2272 τῶν
1313 2207 1420 2272 αύτύιν

146 2319 227 2395 ττέρι.
255 2316 339 2380 1289
363 2315 524 2393 δαίμονας,
548 2314 602 2393 οῐς
625 2315 810 2393 ἐπιμάρτυσι
831 2310 1007 2395 χρησόμεθ’
1031 2315 1091 2382 ούκ
1113 2314 1323 2393 ἐπιλήσμοσιν
1339 2313 1421 2391 ἡσυ-

148 2425 219 2503 χίας
241 2423 313 2500 πέρι
335 2426 392 2500 τῆς
416 2420 656 2500 ἀγανόφρονος

192 2530 230 2595 R.
257 2530 521 2593 87=lotzlln
544 2532 615 2606 περὶ
637 2529 869 2608 ἐμού-ούδεὶς
892 2530 997 2608 λόγος.
1033 2530 1097 2594 762
1120 2528 1222 2608 νόμος
1245 2544 1290 2605 τις
1314 2520 1420 2594 ἐνθάδ’

146 2639 216 2704 ἐστὶ
239 2637 383 2715 κείμενος
404 2638 475 2713 περὶ
496 2640 562 2702 τῶν
585 2640 715 2716 τεχνῶν.
750 2635 800 2700 lto
825 2635 988 2704 Velsenus
1023 2635 1126 2704 edidit
1158 2635 1230 2712 περί
1263 2649 1322 2716 pro
1357 2632 1421 2698 ἀπό

147 2745 311 2823 codicum,
333 2741 499 2808 Meinekei
522 2743 714 2808 coniectura
735 2761 828 2822 usus,
851 2743 908 2824 qui
931 2744 964 2807 in
980 2761 1055 2810 nnn.
1071 2762 1117 2808 or.
1135 2741 1324 2808 dubitanter
1341 2755 1417 2820 pro·

20 2881 21 2914 ι
147 2851 263 2935 posuit
284 2853 334 2916 ἐπί
356 2856 414 2916 out
435 2851 515 2929 περί.
541 2849 757 2931 corrupteleo
780 2865 913 2916 coneum
938 2849 1099 2916 Veleeuus
1123 2865 1193 2914 enm
1218 2863 1294 2916 esse
1311 2845 1419 2928 suspi-

150 2967 256 3036 eotur‚
281 2957 369 3040 quod
403 2958 466 3029 dud
491 2956 526 3022 iu
564 2961 751 3024 contextum
786 2956 963 3037 irrepserit
995 2975 1015 3022 e
1050 2955 1175 3022 scholio
1211 2952 1252 3018 ad
1286 2972 1316 3017 ν.
1350 2952 1424 3016 761.

151 3064 245 3143 Quae
270 3065 461 3130 couieoture
483 3063 658 3131 admodum
682 3061 874 3130 verisimilis
897 3063 1038 3130 ridetur:
1051 3080 1126 3130 nom
1149 3062 1212 3126 ἀπό
1237 3073 1344 3141 neque
1359 3075 1422 3138 per

150 3191 188 3238 se
211 3171 309 3238 ioeile
333 3170 479 3253 intellegi
504 3176 622 3251 potest,
647 3175 681 3236 et
703 3188 764 3252 pro
787 3171 858 3248 περί
881 3169 1019 3249 ύίοίμαι,
1040 3175 1078 3234 ut
1101 3179 1153 3236 est
1182 3169 1215 3234 iu
1250 3167 1293 3232 iis
1329 3165 1422 3240 locis,

151 3297 236 3362 qnos
259 3277 405 3342 Kockius
428 3295 468 3342 ex
490 3277 635 3342 Homero
659 3282 693 3342 et
715 3277 884 3344 Herodoto
897 3275 1001 3352 offert
1018 3277 1058 3342 ab
1081 3275 1267 3342 Atticorum
1287 3285 1425 3338 eonsue-

151 3387 265 3452 tudine
287 3385 442 3468 loquendi
466 3384 738 3452 abhorret-953
754 3383 1203 3462 περίτατος-περί-τούτου
1222 3377 1423 3462 „depromis

152 3491 192 3556 de
215 3492 278 3556 hae
302 3491 369 3557 re“.
396 3492 480 3554 1062
506 3489 568 3554 ούκ
590 3489 669 3554 ὄντα
700 3489 799 3565 λόγον
832 3491 947 3554 τοῦτον
975 3490 1046 3565 περὶ
1077 3490 1135 3565 τῆς
1166 3486 1309 3562 Φαίδρας
1337 3483 1426 3550 ξυνέ-

153 3604 245 3678 θηκα.
272 3599 356 3661 1426
384 3595 402 3659 ὅ
422 3618 451 3661 τι
473 3600 600 3662 νοεῖτον
623 3597 754 3662 εἴπατον
776 3596 891 3661 τούτου
911 3596 984 3674 πέρι
998 3594 1099 3677 ,quid
1115 3591 1268 3660 sentietis
1292 3591 1332 3656 de
1356 3591 1425 3668 illo,

151 3704 287 3770 diciret
585 3749 593 3768 ,

198 3808 257 3873 Εο.
281 3811 343 3872 401
367 3809 439 3885 περὶ
461 3808 621 3884 σωτηρίας
643 3807 851 3885 προκειμένου
878 3824 972 3888 „curn
992 3804 1156 3873 desoluto
1171 3805 1319 3888 egetur“.

198 3915 247 3980 Pl.
272 3916 336 3977 461
357 3917 428 3991 περὶ
450 3913 566 3978 τούτου
582 3948 621 3960 -
635 3915 748 3978 δοῦναι
770 3913 878 3990 λόγον.
922 3915 983 3978 666
1010 3891 1081 3990 περὶ
1104 3910 1427 3990 σωφροσύνης-πε-

154 4027 243 4102 ρανῶ
267 4021 329 4104 „de
351 4017 569 4104 temperentia
591 4018 752 4086 disseram
760 4020 786 4082 “.
823 4020 887 4084 574
917 4018 1155 4095 ἐλέγξαι-περί
1177 4015 1294 4084 τούτου
1321 4013 1429 4096 ,reiu-

155 4133 227 4196 tare
249 4129 283 4194 in
306 4127 367 4192 hac
398 4127 467 4190 re“.

200 4236 235 4320 2)
258 4234 308 4302 En
331 4233 440 4300 verbis
464 4230 587 4316 opeodi
603 4230 696 4298 nard
718 4247 794 4296 roro
819 4231 867 4296 ito
901 4230 1116 4312 suspenditur
1149 4227 1364 4311 praepositio,
1388 4230 1426 4294 nt

155 4343 288 4428 proprie
303 4343 345 4410 ed
361 4343 527 4408 notionem
545 4334 678 4406 dicendi
693 4337 745 4406 vel
759 4337 937 4420 cogitandi,
954 4353 1037 4419 quoe
1057 4335 1151 4414 latet,
1169 4333 1343 4400 referendo
1367 4333 1422 4400 eit

200 4451 238 4515 Α.
262 4452 304 4514 60
328 4451 368 4528 ἢν
391 4451 431 4530 μὴ
454 4450 525 4528 περὶ
548 4446 675 4526 εἰρήνης
698 4465 734 4523 γε
756 4445 996 4526 πρυτανεύσητέ
1019 4462 1072 4522 μοι
1090 4441 1173 4524 ¹‚uisi
1192 4440 1233 4508 do
1249 4459 1331 4522 poue
1348 4457 1424 4508 oon·

156 4556 364 4624 sultetionem
388 4555 468 4620 mihi
490 4551 715 4636 proporrost
740 4551 777 4618 In
802 4550 964 4620 Metuekei
996 4547 1140 4616 editione
1164 4547 1285 4630 legitur
1307 4566 1427 4626 πρυτα-
