3326 5372
688 476 732 486 --
757 443 820 504 215
847 475 886 484 -

194 607 232 688 α)
256 608 310 672 dv.
340 611 402 673 104
427 608 480 692 (τὰ
501 609 602 687 πτερὰ
625 607 827 692 ἐξερρύηκεν)
849 608 913 672 ὑπὸ
936 607 1040 671 νόσου
1062 605 1195 687 „morbo
1218 603 1339 669 lactum
1362 609 1428 673 est.

26 781 27 784 ,
143 718 185 777 ut
211 731 338 795 pennae
361 713 576 781 defluerent“.
603 718 664 778 735
690 715 914 780 κοπιᾶν-ὑπὸ
937 719 1001 778 τῶν
1025 712 1164 789 ἀγαθῶν.

25 823 26 834 ’
195 819 234 885 L.
259 824 322 886 988
349 826 528 904 βουβωνιᾷς
552 823 615 886 ύπὸ
638 825 697 900 τῆς
720 821 809 897 δδού;
834 820 874 885 ei.
900 820 935 882 R.
964 821 1058 888 1280.

194 926 235 990 Β.
260 930 325 992 940
349 927 506 993 οἰδοῦσαν
541 929 604 992 ύπὸ
638 929 878 1007 κομπασμάτων
910 928 960 991 καὶ
984 925 1135 1006 ῥημάτων
1157 926 1316 1006 ἐπαχθῶν.
1343 927 1429 989 1280

143 1035 216 1100 ύπὸ
239 1039 304 1100 τών
327 1037 529 1100 κύπων--τώ
552 1039 663 1116 νεφρὼ
688 1037 865 1116 βουβωνιῶ.

195 1137 232 1226 β)
252 1141 289 1206 Δ.
316 1143 379 1205 010
404 1141 456 1221 οἷς
480 1139 532 1208 ὑπ’
557 1143 675 1220 ἐράνου
699 1163 732 1207 τε
756 1145 807 1207 καὶ
830 1146 934 1222 χρεών
965 1144 1079 1225 πρώην
1102 1141 1189 1210 ποτέ.
1214 1140 1325 1216 ὥσπερ
1350 1140 1428 1204 ἀπό·

144 1269 285 1329 νιπτρον
308 1251 474 1330 ἐκχέοντες
496 1251 649 1330 ἑσπέρας,
666 1250 803 1327 ἅπαντες
830 1250 983 1330 ,ἐξίστωίί
1009 1249 1178 1331 παρῄνουν
1200 1247 1230 1311 ol
1253 1248 1349 1326 φίλοι,
1372 1246 1428 1311 ubi

146 1357 251 1440 vulgo
275 1362 350 1422 ante
377 1356 562 1422 Bentleium
586 1357 758 1440 legebatur
781 1359 869 1435 ὑπέρ,
895 1355 981 1439 quod
1010 1373 1083 1420 cum
1107 1361 1241 1438 propter
1266 1351 1428 1436 significa-

145 1463 274 1528 tionem
297 1463 351 1543 (de
376 1481 439 1545 qno
464 1483 493 1532 v.
517 1463 644 1548 Reisig.
669 1461 762 1529 Coni.
786 1483 816 1545 p,
842 1464 898 1546 24)
922 1462 962 1528 ab
985 1461 1143 1527 hocloco
1168 1461 1331 1538 abhorret,
1356 1467 1424 1524 tum

145 1575 287 1652 propter
310 1569 487 1651 dipodiam
513 1588 551 1634 ex
575 1569 712 1654 dactylo·
739 1576 774 1636 et
801 1575 979 1654 anapaesto
1004 1569 1231 1651 compositam,
1257 1567 1336 1634 ferri
1361 1585 1427 1633 non

144 1683 270 1760 potest.
298 1677 423 1744 Bentlei
444 1679 630 1744 emendatio
656 1678 871 1745 confirmatur
894 1680 995 1744 etiam
1019 1678 1216 1744 scholiastae
1231 1678 1425 1758 interpreta-

145 1785 249 1860 tione,
287 1801 382 1865 quam
418 1783 519 1850 liceat
550 1786 631 1849 mihi
665 1784 794 1851 afferre:
829 1787 996 1864 εἰώθεσαν,
1020 1786 1049 1849 εί
1081 1804 1160 1849 ποτε
1182 1785 1323 1863 ἐκχέοιτο
1348 1783 1427 1847 ἀπύ-

145 1909 282 1968 νιτιτρον
306 1891 369 1956 ἀπὸ
392 1896 457 1956 τῶν
481 1895 632 1973 θυρίδων,
654 1893 708 1956 ίνα
745 1894 785 1972 μή
816 1915 862 1971 τις
888 1897 985 1974 βραχῇ
1010 1895 1075 1956 τῶν
1097 1891 1288 1973 καμόντων,
1312 1889 1425 1954 ἐξίστω

146 1997 361 2074 tenerae-dm
384 1999 496 2077 αὐτοῖς
518 2000 549 2063 οἱ
572 2001 659 2079 φίλοι
681 2001 756 2078 χοἐς
778 2002 829 2064 καὶ
851 2004 964 2084 πρῴην
979 1998 1216 2079 συνεβούλευον
1241 1997 1426 2076 καταχρέοις

145 2103 245 2169 οὖσιν
269 2105 332 2170 ύπό
354 2126 387 2170 τε
411 2108 538 2184 ἐράνων
570 2109 620 2171 καὶ
644 2105 839 2185 ὀφλημάτων
871 2107 1053 2174 ἐξίστασθαι
1079 2111 1137 2185 τῆς
1164 2105 1290 2182 οὐσίας,
1315 2104 1360 2181 ώς
1383 2105 1424 2184 μὴ
1517 2105 1522 2112 ’

146 2209 340 2287 δυναμένοις
363 2209 552 2276 ἀποδοῦναι.
576 2209 729 2277 Ceterum
754 2209 806 2276 ὑπ’
832 2213 877 2290 ἐρ.
894 2232 927 2275 τε
952 2233 979 2276 κ.
995 2232 1044 2292 χρ.
1063 2210 1206 2276 breviter
1226 2208 1348 2275 dictum
1373 2214 1427 2275 est

147 2333 210 2397 pro
235 2318 298 2381 ύπό
321 2320 379 2380 τού
403 2319 443 2396 μὴ
469 2319 587 2396 ἔρανόν
609 2339 642 2383 τε
666 2321 776 2398 φέρειν
808 2321 859 2384 καί
882 2319 960 2398 χρέα
976 2319 1162 2383 ἀποδιδόναι
1186 2322 1344 2398 „propter
1369 2315 1428 2381 sti·

148 2439 229 2506 pem
253 2440 316 2488 non
342 2424 495 2488 collatam
520 2430 554 2489 et
577 2443 633 2490 aes
650 2423 791 2490 alienum
809 2443 876 2490 non
896 2426 1075 2503 solutam“‚
1091 2441 1194 2506 caque
1219 2422 1319 2487 verba
1355 2441 1429 2486 cum

146 2530 265 2596 ἐξίστω
301 2531 526 2612 coniungenda
561 2537 638 2598 sunt
674 2528 851 2615 (,‚abscede
885 2534 1035 2598 coiectasl
1063 2532 1262 2611 etc.).-689
1286 2529 1349 2594 ὑπὸ
1373 2530 1429 2606 γή-

149 2657 219 2714 ρως
243 2637 443 2716 μασταρύζει.

193 2742 233 2807 E.
259 2746 324 2807 804
349 2744 429 2827 (ἵνα)
453 2744 506 2810 ὑπ’
531 2746 672 2826 ἀνάγκης
696 2747 761 2824 ἅμα
784 2749 835 2811 καὶ
858 2745 1135 2828 μισθοῦ-κεχήνῃ
1156 2743 1376 2824 „necessitate
1392 2747 1428 2807 et

147 2850 263 2932 inopia
287 2856 322 2915 et
345 2852 501 2934 stipendii
525 2852 705 2934 cupiditate
730 2853 880 2918 ductus“.

195 2957 232 3021 N.
250 2959 313 3021 164
337 2960 394 3023 τδν
417 2961 565 3038 πρωκτδν
588 2961 677 3038 ἠχεῖν
702 2960 765 3024 ύπὸ
790 2961 859 3039 βίας
881 2962 939 3023 τού
962 2957 1152 3036 πνεύματος.
1166 2960 1233 3020 405
1257 2955 1309 3022 ὑπ’
1332 2956 1427 3033 ἀνάγ-

149 3085 211 3141 κης
237 3064 335 3142 ῥήξας
358 3064 466 3143 αύτάς.
498 3069 562 3128 407
587 3066 651 3130 ὑπὸ
675 3068 731 3130 τού
758 3065 889 3145 ῥοίβδου
914 3066 1043 3142 καὶτῆς
1065 3064 1165 3143 ῥύμης
1188 3063 1289 3141 αὐτὸς
1312 3063 1428 3128 ἑαυτὸν

150 3171 335 3235 κατακάων.

194 3275 234 3340 V.
263 3281 347 3342 1487
370 3281 512 3357 πλευρὰν
546 3279 739 3358 λυγίσαντος
774 3280 837 3344 ὑπὸ
873 3277 983 3358 ῥύμης,
1007 3282 1044 3341 ut
1068 3275 1210 3342 coniecit
1243 3273 1426 3340 Lobcckius

149 3401 213 3468 pro
238 3386 348 3464 ῥώμης
371 3386 532 3451 codicum.

192 3490 231 3559 L.
256 3494 320 3555 270
344 3492 711 3572 ἐμπρήσωμεν-πάσας
734 3493 797 3557 ὑπὸ
813 3493 928 3571 ψήφου
946 3496 1027 3572 μιᾶς,
1043 3489 1096 3556 ubi
1114 3489 1317 3566 Menelaus,
1332 3488 1426 3555 scho-

146 3599 204 3680 lio,
229 3605 266 3662 ut
289 3598 429 3678 videtur,
454 3619 535 3666 usus
560 3601 640 3684 (ἀπὸ
664 3605 734 3679 μιᾶς
757 3602 887 3680 γνώμης
912 3602 962 3664 καὶ
981 3598 1134 3682 κρίσεως)
1154 3597 1341 3662 dubitanter
1361 3597 1425 3662 ἀπὸ

146 3725 185 3781 ψ.
209 3724 239 3779 μ.
264 3704 448 3784 proposuit,
484 3707 569 3786 quod
606 3706 687 3772 satis
724 3706 892 3788 probabile
929 3711 990 3770 est:
1024 3723 1100 3768 nam
1130 3704 1203 3783 ὑπό,
1227 3707 1265 3768 nt
1289 3701 1425 3784 Reisigii

145 3807 258 3874 verbis
283 3815 357 3875 utar
381 3810 488 3893 (Coni.
502 3831 534 3894 p.
548 3812 615 3895 24),
634 3829 787 3895 „causam
813 3813 945 3888 indicat,
960 3828 1044 3894 quae
1066 3812 1300 3876 necessitatem
1325 3827 1427 3890 quan·

146 3915 221 3980 dam
247 3913 381 3981 effectus
416 3918 547 3995 habet“,
573 3921 662 4000 quod
696 3920 737 3983 ab
772 3919 933 3986 hocloco
963 3919 1105 3984 alienum
1131 3923 1191 3983 est.
1215 3917 1292 3981 Ἀπό
1316 3921 1425 3982 autem

146 4022 297 4105 analogia
332 4021 545 4090 confirmatur
581 4026 761 4092 multorum
796 4028 958 4107 locorum,
981 4031 1019 4092 ut
1054 4026 1112 4095 Th.
1138 4029 1167 4102 3,
1194 4028 1245 4098 92,
1277 4028 1291 4086 1
1332 4024 1427 4103 Ἡρά-

147 4129 444 4194 κλειαν-ἀποικίαν
480 4133 672 4198 καθίσταντο
708 4135 773 4198 ἀπὸ
797 4137 930 4198 τοιᾶσδε
957 4135 1096 4213 γνώμης.
1122 4137 1153 4209 4,
1178 4131 1230 4204 68,
1256 4131 1275 4191 3
1300 4131 1426 4194 ξυνέπε·

149 4237 290 4301 σε-τδν
313 4241 379 4302 τῶν
403 4235 577 4316 Ἀθηναίων
602 4241 724 4319 κήρυκα
740 4239 798 4320 ἀφ’
816 4242 932 4306 ἑαυτοῦ
948 4242 1078 4320 γνώμης
1097 4241 1226 4317 κηρῦξαι
1243 4241 1305 4302 etc.
1321 4236 1425 4314 Quam

149 4358 247 4422 saepe
268 4349 376 4408 autem
401 4345 463 4410 ύπό
488 4350 522 4409 et
546 4345 620 4425 ἀπό,
645 4347 767 4430 quippe
793 4366 877 4430 qnae
902 4348 1004 4415 simili
1027 4345 1218 4428 compendio
1241 4341 1426 4424 significen-

149 4455 212 4526 tur,
237 4447 271 4514 in
295 4451 462 4518 codicibus
488 4450 739 4534 confundantur,
765 4456 863 4523 docet
886 4458 1020 4524 Bestius
1044 4473 1075 4538 p.
1103 4456 1174 4522 794.
