3298 5368
641 503 887 592 -12⁹-.

150 667 210 734 Ec.
235 671 299 732 920
321 673 427 747 δοκεῖς
451 671 486 734 δέ
510 689 561 748 μοι
585 669 645 733 κᾶν
667 671 770 748 λάβδα
793 673 874 736 κατὰ
905 672 983 750 τοὺς
1006 672 1177 752 Λεσβίους,
1212 672 1299 761 quod
1333 673 1383 742 di-

104 781 196 841 ctum
221 781 273 840 est
295 793 355 857 pro
379 778 532 856 λειχάῑειν
555 799 585 840 κ.
606 797 633 839 τ.
650 778 695 842 Λ.
719 783 777 858 „ut
799 775 943 843 Lesbii&
1315 841 1323 856 ,

150 885 187 962 8)
211 883 381 949 Postremo
405 881 539 948 afferam
567 884 754 949 locutiones
785 884 1002 966 adverbiales,
1034 887 1153 968 ‚quibus
1188 887 1303 954 modern
1322 910 1381 956 ra·

103 993 216 1068 tioqrre
239 991 355 1070 agendi
382 989 596 1073 significatur.
1328 1049 1332 1066 ,

148 1096 189 1165 N.
212 1098 275 1160 663
299 1098 358 1175 τήν
381 1117 414 1161 τε
439 1098 567 1174 θήλειαν
591 1101 698 1176 καλεῖς
721 1099 879 1177 ἀλέκτορα
903 1102 982 1164 κατὰ
998 1099 1096 1166 ταύτὸ
1112 1101 1235 1166 καὶτὸν
1251 1101 1382 1181 ἄρρενα.

102 1205 279 1282 Ἀλέκτορα
302 1203 494 1272 Meinekeus
517 1205 557 1268 de
583 1205 774 1271 coniectura
796 1223 857 1286 pro
882 1206 1079 1284 ἀλεκτρυόνα
1114 1207 1263 1274 codimm
1298 1209 1382 1276 rori-

101 1311 178 1395 psit,
203 1329 245 1375 ne
268 1317 466 1392 anapaestus
490 1307 692 1376 tribrachum
717 1312 887 1394 exciperet
910 1312 990 1394 (que
1013 1313 1053 1380 de
1070 1333 1107 1380 re
1124 1333 1155 1380 ν.
1179 1314 1404 1402 Βιαιότατα,

100 1435 131 1498 ρ.
158 1417 228 1499 59).
253 1415 347 1494 Quae
373 1417 564 1482 coniectura
588 1419 703 1495 procul
727 1418 827 1483 dubio
850 1419 934 1483 falsa
958 1423 1019 1484 est.
1043 1418 1139 1488 Mitto
1164 1421 1262 1499 enim,
1292 1424 1380 1504 quod

103 1521 259 1588 Socrates
283 1523 398 1601 eodem
421 1523 530 1599 verbo,
555 1541 618 1605 quo
643 1524 715 1604 ipse
740 1524 959 1605 Strepsiades,
983 1525 1032 1589 uti
1056 1524 1169 1592 debuit
1187 1526 1255 1609 (bic
1270 1535 1379 1598 eutem

101 1630 186 1695 dixit
209 1631 390 1708 ἀλεκτρυών
412 1631 446 1695 in
470 1651 500 1694 ν.
526 1631 613 1708 661),
640 1631 673 1694 id
698 1631 784 1712 quod
805 1630 843 1696 in
866 1651 896 1700 v.
921 1635 985 1694 664
1000 1649 1076 1696 eum
1093 1630 1203 1698 iacere
1220 1634 1378 1704 ridemus:

103 1737 162 1802 sed
186 1737 344 1814 ἀλέκτορα
367 1737 421 1801 hic
445 1756 504 1819 pro
529 1738 711 1815 ἀλεκτρυών
737 1737 938 1821 Strepsiadis
973 1757 1180 1822 nequequam
1215 1760 1377 1824 reponere

102 1845 220 1925 potuit·
244 1844 307 1908 hoe
331 1843 417 1908 enim
443 1861 613 1909 commune
640 1853 702 1923 est,
727 1845 810 1910 illud
834 1846 1062 1928 masculinum
1091 1846 1245 1916 Socrates
1269 1857 1377 1918 αυλειο

102 1948 328 2034 Strepsiadem
352 1952 574 2033 reprehendit,
597 1971 663 2017 non
687 1953 773 2035 quod
796 1971 968 2034 perperam
1006 1955 1105 2020 verbo
1139 1973 1219 2022 usus
1243 1956 1295 2033 sit
1320 1959 1379 2024 sed

101 2059 190 2139 quod
213 2077 278 2123 uno
303 2060 483 2140 eodemque
506 2060 638 2124 nomine
655 2061 736 2125 duas
753 2079 807 2125 res
825 2060 974 2126 diversas
990 2061 1169 2126 vocaverit·
1200 2062 1380 2128 Praetereo

102 2165 304 2241 Meinekeus,
329 2168 465 2249 perinde
488 2173 587 2249 atquo
611 2165 741 2250 Ulyxea
766 2167 883 2232 incidit
906 2168 939 2232 in
963 2165 1114 2250 Scyllam,
1138 2168 1214 2234 ἀιιιιι
1239 2171 1311 2236 vult
1331 2171 1378 2236 ri·

101 2279 174 2338 tare
198 2272 406 2354 Charybdim:
431 2293 504 2338 nam
529 2293 568 2338 ea
591 2273 749 2339 tribrachi
773 2274 901 2346 incisio,
938 2295 1002 2355 que
1033 2276 1120 2340 ictus
1155 2276 1189 2342 in
1226 2275 1377 2346 ultimam

100 2379 256 2447 vocabuli
280 2380 534 2464 hyperdisyllabi
558 2382 654 2457 cadit,
681 2389 812 2462 praeter
836 2380 1007 2447 formulam
1025 2399 1227 2463 praeconum
1245 2383 1379 2448 duodece

102 2494 166 2573 λεῲ
191 2494 225 2554 et
247 2487 404 2553 adverbia
427 2489 538 2554 αὐτίκα
564 2492 657 2568 μάλα,
680 2490 737 2554 ubi
760 2490 906 2572 legitima
922 2496 984 2566 est,
999 2489 1163 2556 invenitur
1178 2491 1284 2556 tribus
1309 2497 1379 2556 ten·

101 2601 172 2659 tum
196 2593 281 2660 loeis
297 2595 383 2675 apud
406 2596 473 2660 Ara
497 2594 535 2660 N.
552 2598 617 2659 884
634 2598 673 2674 ὃς
689 2596 801 2661 τᾶδικα
817 2599 931 2673 λέγων,
948 2597 1004 2679 qui
1027 2614 1143 2662 versus
1167 2615 1187 2660 a
1209 2597 1378 2679 plerisque

102 2700 344 2766 recentioribus
361 2701 543 2766 editoribus
561 2703 659 2766 etiam
679 2703 744 2767 alia
762 2704 802 2767 de
821 2722 920 2768 cansa
936 2703 1107 2768 damnatus
1124 2709 1177 2768 est
1191 2702 1246 2786 (V.
1259 2703 1377 2770 Kerkii

102 2810 206 2890 praef.
229 2806 375 2872 Nubium
399 2809 416 2889 ξ
441 2809 508 2890 40),
532 2807 568 2872 L.
596 2813 635 2872 52
662 2809 780 2874 ἀσπίδα
803 2815 922 2890 λαβεῖν,
937 2809 989 2874 Fr.
1016 2813 1091 2887 320,
1117 2812 1376 2889 remunerabor,

102 2917 276 2993 ἑλικτῆρας,
302 2914 358 2997 qui
382 2912 524 2980 fortasse
549 2914 658 2996 aliquo
681 2932 722 2978 ex
745 2922 839 2996 parte
865 2919 1014 2982 excusari
1039 2923 1188 2998 possunt.
1207 2916 1377 2982 -Oeterum

103 3021 141 3085 de
164 3019 228 3086 hac
251 3026 321 3084 tota
352 3019 543 3101 quaestione
580 3019 655 3082 vide
689 3021 853 3102 egregiam
893 3021 1093 3088 Bachmanni
1121 3020 1378 3102 disputationem

52 3152 57 3164 ·
102 3129 136 3200 in
158 3127 243 3192 Phil.
268 3127 295 3190 V
319 3126 432 3208 Suppi.
451 3145 505 3208 pp.
530 3127 717 3191 248-254.
741 3126 852 3194 Aliam
876 3129 962 3194 viam
994 3128 1070 3193 iniit
1094 3127 1133 3194 G.
1158 3127 1376 3196 Hermannus.

100 3233 135 3298 Is
157 3253 218 3314 pro
243 3236 322 3298 κατά
345 3232 517 3314 proposuit
539 3234 601 3310 καί,
626 3251 689 3314 quo
719 3236 918 3300 sententiam
953 3254 1090 3316 prorsus
1127 3235 1318 3302 obscuravit
1340 3255 1380 3304 ac

103 3321 303 3422 depravavit.
327 3340 394 3405 Nec
419 3340 505 3404 enim
530 3358 726 3422 quemquam
749 3349 946 3424 negaturum
974 3349 1065 3422 puto,
1102 3342 1212 3409 verbis
1245 3346 1307 3426 τήν
1336 3365 1380 3410 τε

104 3449 232 3526 θήλειαν
256 3447 376 3530 ορροιιί
400 3450 469 3510 καὶ
492 3448 549 3510 τόν
572 3446 701 3525 ἄρρενα,
725 3466 810 3530 quae
834 3449 920 3513 ratio
942 3449 1187 3514 Hermanniano
1212 3453 1263 3515 καί
1286 3451 1378 3516 iliaco

103 3573 239 3634 prorsus
264 3557 434 3620 evertitur.
461 3554 572 3639 Neque
595 3556 652 3622 alii
674 3557 811 3620 meliore
834 3555 966 3622 fortuna
988 3557 1041 3622 usi
1065 3563 1151 3632 sunt,
1176 3575 1282 3638 neque
1297 3557 1379 3624 Por-

104 3679 216 3740 sonus,
241 3662 298 3742 qui
317 3663 479 3741 δλεκτρυῶ
495 3664 648 3741 coniecit,
662 3664 750 3744 quod
767 3669 805 3726 ut
818 3663 977 3745 tragicum
992 3663 1116 3743 optimo
1129 3662 1202 3728 iure
1214 3665 1380 3746 improbat

103 3767 270 3832 Hanovins
295 3769 340 3850 (p.
368 3770 455 3852 10⁷),
472 3789 580 3850 neque
595 3769 667 3850 ipse
689 3769 865 3846 Honorino,
882 3770 949 3856 qui,
965 3769 1060 3834 unius
1074 3769 1199 3835 codicis
1215 3771 1379 3853 scriptura

103 3893 194 3949 usus,
219 3875 402 3953 eucarpum
425 3876 459 3938 in
484 3881 574 3940 recto
600 3873 677 3941 casn
701 3875 803 3942 scribi
827 3876 932 3953 iubet,
966 3875 1052 3956 quod
1086 3877 1185 3941 nimis
1209 3877 1378 3958 soloeeum

104 3983 242 4048 ridetur:
268 3984 308 4048 cf.
342 4003 374 4047 ν.
406 3987 482 4048 678.
507 3985 592 4061 Quid
615 3983 735 4049 multa?
765 3980 915 4059 Videsne,
938 3983 1101 4048 librorum
1126 3983 1312 4064 lectionem,
1336 3985 1378 4050 ad

105 4107 235 4154 sensnm
260 4089 390 4172 quidem
417 4097 449 4152 et
472 4091 732 4170 grammaticam,
751 4090 846 4171 longe
864 4090 1015 4156 omnibus
1031 4090 1179 4155 uirorum
1205 4091 1381 4167 <laetorum¹

107 4193 298 4258 commentis
321 4193 510 4275 praestare?
535 4193 635 4260 Errat
658 4197 743 4260 eninr
768 4194 949 4271 Hanovius,
973 4195 1031 4277 qui
1045 4195 1066 4261 1.
1084 4214 1112 4262 c.
1129 4214 1202 4262 curn
1220 4195 1284 4260 alia
1307 4200 1377 4262 tum

104 4300 296 4366 haecdicit:
323 4299 426 4380 „Cum
451 4299 513 4365 hoe
537 4307 633 4382 pacto
658 4303 704 4366 ito
737 4302 893 4385 coniungi
926 4302 1027 4368 verba
1052 4307 1239 4384 ‚oporteret-
1263 4303 1376 4382 τήντε

106 4407 231 4484 θήλειαν
255 4412 361 4486 καλεῖς
383 4408 580 4487 ἀλεκτρυόνα
604 4412 734 4474 καὶτὸν
757 4409 877 4488 ἄρρενα
900 4412 980 4475 κατὰ
1002 4409 1110 4485 ταύτό,
1131 4426 1377 4490 supervacanea

106 4521 213 4580 essent
235 4513 317 4579 haec
342 4516 416 4596 ipsa
438 4518 546 4580 verba:
571 4520 654 4582 κατὰ
672 4516 780 4586 ταύτό.
804 4517 848 4581 At
872 4535 959 4594 vero,
996 4517 1148 4598 quoniam
1177 4515 1273 4580 rerba
1295 4520 1374 4584 κατὰ

1250 4659 1267 4716 9
