3298 5368
783 433 956 495 Ag.-

248 602 396 680 aiierens,
421 601 607 682 respondet:
636 598 689 679 ,si
725 598 798 680 quis
830 598 971 679 puellam
998 598 1206 679 conspicatus
1231 598 1352 677 cupiat,
1376 597 1535 672 habebit,

248 711 336 793 quod
360 711 389 774 ei
413 710 478 787 dat,
503 709 678 773 desumens
703 724 741 769 en
765 706 816 780 iis,
835 723 918 787 quae
943 704 1004 769 sibi
1022 707 1205 772 reservarit
1219 724 1279 772 nec
1297 707 1330 770 iu
1349 723 1535 771 commune

249 816 437 893 contulerit
463 813 646 880 conrmunis
671 819 780 878 autem
803 812 965 893 pecuniae
988 813 1153 894 particeps
1179 813 1244 878 erit
1266 814 1331 896 (vel
1355 812 1544 882 communi¹

246 925 387 1006 pecunia
423 925 548 1002 utetur)
585 925 660 1002 post
693 919 899 984 concubitum
935 919 969 1002 (i.
995 937 1022 981 e.
1049 920 1087 984 ad
1116 925 1244 986 ceteros
1280 921 1368 986 vitae
1392 922 1533 1000 usus)“.

247 1031 339 1094 Haec
364 1035 414 1094 est
439 1029 604 1094 sententia
626 1027 702 1104 loci,
727 1044 822 1107 quam
847 1045 953 1106 neque
979 1026 1088 1103 Mein,
1113 1046 1218 1107 neque
1242 1025 1374 1092 Bachm.
1394 1027 1535 1092 intelle-

237 1138 305 1226 ¹xit.
330 1136 473 1218 (Mecum
491 1133 599 1198 facere
612 1133 708 1198 uideo
735 1133 832 1196 otiam
859 1131 1095 1196 Weckleinimn
1121 1133 1153 1197 iu
1170 1151 1309 1198 censura
1325 1134 1402 1200 libri
1419 1132 1535 1200 Bach-

248 1243 357 1307 manni
394 1239 479 1306 Phil.
515 1242 593 1306 Anz.
618 1259 647 1304 ν.
671 1240 711 1318 X,
731 1259 762 1322 p.
790 1239 877 1322 167).
915 1239 1067 1304 Ceterum
1104 1239 1304 1306 Bachmanui
1330 1243 1532 1322 coniectura

248 1349 348 1413 ctiam
375 1349 471 1414 aliam
496 1347 535 1411 ob
561 1365 692 1412 causum
716 1346 920 1428 repudianda
945 1353 1005 1412 cst.
1034 1347 1116 1414 Nam
1140 1347 1242 1412 verba
1264 1353 1329 1412 τῶν
1353 1349 1388 1412 ἐκ
1411 1351 1531 1412 κοινοῦ

249 1459 367 1535 μεθέξει
383 1454 904 1534 ξυγκαταδαρθών,σοωωυυίυω
929 1454 1095 1534 particeps
1120 1459 1184 1518 erit
1208 1473 1281 1518 cum
1306 1473 1344 1518 ea
1369 1472 1532 1525 concum-

248 1565 327 1628 bens
353 1563 388 1644 (i.
413 1581 441 1626 e.
467 1581 504 1626 eo
530 1563 614 1644 quod
640 1560 874 1644 concumbit)“‚
891 1579 989 1642 quem
1014 1581 1147 1626 sensum
1173 1561 1412 1628 sententiarum
1438 1581 1533 1626 nexu

248 1670 391 1756 flagitari
427 1670 516 1749 dicit,
542 1668 727 1752 significare
762 1686 826 1734 non
861 1687 959 1749 posse
994 1671 1065 1750 ipse
1098 1668 1180 1734 vidit
1204 1668 1248 1751 (p.
1277 1669 1531 1751 rtatideoque
1620 1670 1621 1677 ’

248 1778 440 1856 „lenissima
463 1779 666 1842 mutatione“
701 1776 911 1844 scribendum
945 1777 1075 1840 censuit
1099 1778 1229 1857 μετέσχε
1253 1779 1532 1856 ξυγκαταδαρθών

248 1885 324 1950 coll.
348 1886 469 1967 Krueg.
494 1887 519 1960 l,
545 1888 595 1964 53,
623 1891 652 1962 5,
681 1890 708 1962 1;
735 1888 786 1958 53,
814 1888 842 1959 θ,
869 1887 898 1960 8;
924 1887 977 1962 53,
1005 1887 1053 1959 10,
1082 1888 1096 1946 1
1125 1884 1178 1967 (i).
1200 1884 1265 1950 Nec
1293 1891 1402 1952 tamen
1426 1885 1531 1952 intel·

247 1992 328 2057 lexit
350 1992 399 2056 vir
425 1992 576 2073 optimus,
603 2009 708 2074 neque
733 1990 856 2055 aoristo
881 1989 1049 2054 indicativi
1073 1988 1126 2054 hic
1149 1990 1327 2072 quidquam
1351 1992 1416 2056 loci
1434 2007 1528 2066 esset

246 2118 307 2164 nec
332 2099 417 2163 enim
442 2099 538 2164 facile
560 2098 703 2162 saturum
730 2095 913 2179 significare
938 2101 1059 2177 potest,
1077 2095 1140 2161 nisi
1160 2097 1191 2161 in
1209 2097 1310 2189 certis
1325 2098 1525 2180 quibusdam

246 2204 453 2277 dictionibus,
480 2211 516 2268 ut
540 2205 713 2282 ἀπωλόμην
738 2204 780 2285 (ν.
797 2204 961 2268 Kuehner.
987 2203 1027 2276 ll,
1052 2222 1083 2282 p.
1111 2206 1182 2267 142.
1212 2203 1380 2273 Goodwin.
1398 2203 1524 2286 Syntax

249 2313 285 2375 os
305 2311 360 2374 the
384 2312 500 2376 moods
524 2311 585 2374 and
609 2316 720 2374 tenses
747 2310 764 2392 ξ
794 2316 843 2385 19,
861 2329 934 2374 ann.
957 2310 1000 2394 θ),
1025 2327 1130 2392 oeque
1151 2311 1361 2392 participium
1387 2330 1455 2376 aor.
1484 2329 1525 2376 eo

249 2436 358 2500 seusu,
373 2435 437 2498 quo
461 2416 568 2496 vellet,
584 2418 646 2482 dici
663 2435 770 2497 posse,
784 2417 992 2497 quiapartie.
1007 2435 1086 2492 aar,
1102 2435 1172 2480 curn
1190 2419 1354 2481 actionem
1373 2417 1523 2484 ciusdem
1625 2491 1626 2506 χ

249 2543 321 2588 cum
345 2516 458 2602 verbo,
484 2543 521 2588 eu
545 2544 608 2606 quo
632 2525 763 2606 pendet,
788 2525 945 2604 temporis
982 2524 1114 2600 indicat,
1140 2523 1256 2607 paucis
1291 2527 1448 2607 exceptio,
1486 2533 1525 2590 ut
1624 2585 1626 2604 ,

248 2633 372 2709 φθάνω,
398 2635 547 2697 λανθάνω
572 2630 811 2711 similibusque,
838 2631 956 2694 ceteris
981 2629 1047 2694 iere
1082 2650 1147 2694 noa
1172 2631 1312 2707 additur,
1338 2626 1402 2697 nisi
1428 2636 1455 2698 si
1489 2635 1522 2697 in
1623 2606 1624 2626 ί

246 2737 382 2814 aoristo,
423 2757 499 2802 vare
538 2738 756 2818 praeteritum
797 2742 926 2818 tempus
965 2737 1178 2820 significante,
1204 2747 1262 2802 aut
1293 2739 1522 2822 inpraesenti

247 2842 408 2909 historico
433 2845 542 2924 posita
567 2850 643 2909 sunt
674 2843 827 2926 (Madvig.
852 2843 940 2926 Synt.
965 2845 982 2926 ξ
1010 2849 1082 2922 183,
1108 2865 1181 2910 ann.
1208 2847 1253 2926 2),

289 2951 338 3015 Pl.
363 2954 424 3014 857
450 2955 488 3016 τὰ
511 2947 654 3030 χρήματα
678 2953 891 3030 ἀπολωλεκὼς
920 2953 1044 3017 ἅπαντα
1068 2955 1124 3016 τάκ
1148 2959 1204 3032 τῆς
1230 2954 1339 3032 οἰκίας.

292 3059 325 3137 6)
349 3058 463 3132 Porro,
489 3061 522 3122 ἐκ
554 3057 711 3124 describit
745 3058 794 3123 rei
828 3059 953 3122 statura
988 3065 1021 3124 ct
1055 3058 1283 3140 conditionem,
1308 3080 1325 3124 e
1355 3079 1419 3141 qua
1444 3062 1519 3143 quis

247 3165 372 3229 secedit
394 3165 446 3229 vel
468 3165 636 3230 liberatur.

295 3273 334 3336 Ε.
360 3274 422 3336 759
448 3274 505 3339 κάκ
528 3279 592 3339 τῶν
616 3274 788 3353 ἀμηχάνων
810 3274 933 3350 πόρους
956 3272 1155 3352 εὐμηχάνους
1178 3275 1326 3351 πορίζειν.

291 3379 328 3442 R.
357 3383 417 3443 185
441 3381 487 3460 τίς
522 3380 566 3458 εἰς
602 3379 788 3458 ἀναπαύλας
824 3379 858 3442 ὲκ
894 3383 1000 3444 κακῶν
1024 3382 1073 3444 καὶ
1097 3381 1300 3458 πραγμάτων;
1327 3382 1413 3462 quod
1438 3382 1518 3448 oeno
1622 3373 1623 3390 ¹

247 3485 383 3552 Rossioe
417 3493 527 3554 vertas
555 3506 636 3566 „aaa
673 3504 806 3566 caparam
842 3487 930 3558 obus
955 3506 975 3550 π
998 3489 1180 3550 κποποππ“.
1208 3490 1287 3550 1531
1315 3489 1350 3552 ἐκ
1374 3491 1519 3568 μεγάλων

246 3596 353 3674 ἀχέων
387 3593 575 3671 παυσαίμεθ’
598 3593 850 3671 ἂν-άργαλέων
883 3591 908 3656 τ’
935 3595 968 3657 ἑν
994 3593 1107 3672 ὅπλοις
1131 3596 1285 3672 ξυνόδων,
1309 3614 1394 3676 quae
1418 3597 1517 3662 verba

246 3702 281 3766 in
304 3702 433 3768 cantico
457 3705 546 3774 sunt,
573 3698 767 3783 Aeschyleis
791 3700 941 3766 versibus
978 3700 1108 3782 scripto.
1142 3699 1327 3782 Scriptores
1353 3705 1440 3770 nudo
1464 3723 1516 3788 ge·
1617 3772 1620 3783 ,

246 3808 358 3874 nativo
376 3808 494 3893 ,παύειν
516 3807 652 3890 iungere
676 3807 844 3874 videntur.

292 3914 325 4000 t)
350 3913 418 3978 Nec
453 3915 592 3980 nmltum
627 3915 666 3980 ab
699 3913 762 3980 hoc
797 3935 858 3980 usu
894 3915 995 3990 abest,
1022 3914 1077 3978 sed
1102 3913 1156 3992 ito,
1183 3920 1220 3978 ut
1239 3915 1280 3978 ad
1303 3918 1515 3997 temporalem
1619 3903 1622 3996 ,ί

248 4020 395 4103 („post“)
423 4039 525 4101 prope
557 4021 755 4106 accedatis
792 4041 881 4097 usus,
919 4038 991 4084 cum
1028 4021 1062 4084 ἐκ
1097 4021 1299 4102 praepositio
1337 4024 1515 4090 transituro

246 4148 286 4191 ar
309 4145 379 4191 una
402 4128 641 4192 conditionata
666 4129 770 4193 oliam
792 4128 843 4194 uel
867 4127 1078 4194 notationem
1100 4130 1149 4192 rei
1172 4129 1333 4211 designat,
1358 4135 1395 4195 ut
1418 4131 1515 4198 iuter·

247 4235 321 4300 dum
347 4253 410 4317 pro
433 4235 501 4300 ἀντί
523 4237 632 4318 posita
656 4238 806 4302 videatur
830 4240 940 4320 („uas‚
965 4236 1140 4320 πάθωσί).

290 4341 329 4408 Ε.
357 4345 438 4407 1321
465 4346 522 4409 τὸν
545 4344 803 4423 Δῆμον-καλὸν
826 4346 858 4409 ἐξ
883 4344 1017 4422 αἰσχροῦ
1045 4345 1212 4422 πεποίηκα.

290 4450 326 4514 Ρ.
353 4454 415 4516 697
441 4451 476 4516 ἐκ
498 4455 555 4514 τοῦ
580 4453 787 4532 Σοφοκλέους
810 4453 946 4529 γίγνεται
976 4453 1161 4530 Σιμωνίδης.
