3326 5372
747 524 785 534 —
815 489 877 552 229
910 524 944 535 --

493 727 532 790 Α.
557 723 695 808 Ἀμφί,
719 743 746 792 c.
770 743 861 792 acc.
887 727 1204 808 coniunctum,

255 921 288 1004 1)
311 927 348 987 ut
373 923 443 1000 περί
467 939 495 987 ο.
521 940 602 1002 arc..
628 919 730 988 locum
754 919 925 1004 significat,
943 923 1064 990 circum
1081 945 1177 1008 quem
1202 929 1253 994 vel
1277 930 1484 1012 utrumquem

211 1027 334 1110 aliquid
358 1026 404 1095 fit.

249 1136 287 1201 A.
316 1140 400 1202 1072
424 1136 470 1216 τίς
493 1137 575 1217 ἀμφὶ
598 1139 832 1217 χαλκοφάλαρα
855 1139 984 1218 δώματα
1008 1146 1128 1224 κτυπεῑ;

251 1239 287 1305 L.
313 1244 397 1306 1257
423 1242 559 1325 (chorus
583 1241 764 1327 Laconum)
780 1245 883 1324 πολὺς
906 1241 935 1308 δ’
956 1245 1035 1326 ἀμφὶ
1051 1249 1109 1326 τὰς
1123 1248 1242 1330 γένυας
1258 1251 1365 1331 ἀφρὸς
1383 1252 1485 1330 ἤνσει.

253 1347 286 1434 2)
310 1347 416 1415 Sensu
453 1347 578 1416 tralato
603 1350 700 1434 (,,(1α1
724 1350 777 1416 vel
801 1351 863 1434 „ad
899 1352 1092 1434 honoram‘)
1113 1354 1165 1422 bis
1200 1357 1241 1422 da
1274 1358 1335 1423 deo
1359 1359 1483 1425 dictum

207 1457 342 1539 estqui
366 1457 512 1524 carmine
545 1458 740 1524 celebratur.

253 1562 291 1628 N.
316 1569 378 1629 595
404 1565 484 1644 ἀμφί
519 1585 572 1644 μοι
606 1565 691 1643 αὖτε,
718 1560 811 1644 Φοῖβ’
835 1565 925 1646 ἄναξ,
950 1567 1036 1649 quod
1073 1571 1125 1633 est
1147 1569 1355 1637 notissimum
1380 1571 1483 1655 dithy-

209 1672 398 1738 ramborum
436 1673 578 1740 initium.
618 1673 682 1737 Sed
705 1673 914 1740 accusativus
941 1675 1043 1742 deest.
1069 1675 1179 1754 Quare
1202 1676 1374 1744 admodum
1399 1680 1483 1745 veri·

211 1778 329 1845 similis
365 1785 416 1846 est
449 1780 582 1866 Bergkii
619 1779 819 1859 coniectura,
844 1781 919 1847 αὖτε
954 1783 988 1847 iu
1017 1781 1057 1847 αὖ
1082 1783 1314 1850 tremutantia.
1342 1781 1481 1852 Verbum

211 1898 319 1954 autem
344 1890 459 1974 (veluti
484 1890 612 1973 ἀείδειν)
636 1890 779 1955 auditur.

255 1995 296 2064 R.
322 2000 386 2062 215
409 2000 449 2076 ἣν
472 1998 657 2081 (εάοιδὰν)
674 1999 755 2079 ἀμφὶ
779 1999 1377 2082 Νυσήιον-Διώνασον-ἰαχήσαμεν.

479 2267 513 2332 Β.
539 2263 677 2347 Ἀμφί,
710 2285 737 2332 c.
773 2268 859 2332 dat.
897 2268 1215 2348 coniunctum,

256 2463 356 2531 locali
378 2484 479 2532 sensu
506 2466 596 2532 idem
619 2465 698 2547 iere,
722 2465 811 2549 quad
836 2464 916 2544 ἀμφί
939 2484 966 2530 ο.
991 2483 1074 2543 acc..
1100 2467 1197 2543 valet,
1225 2466 1388 2534 nonsatis
1416 2485 1484 2531 ma·

212 2571 332 2639 nitesto
356 2573 559 2640 discrimine.
582 2573 690 2638 Recta
713 2577 823 2638 tamen
847 2572 881 2638 in
903 2572 1057 2656 plurimis
1082 2574 1282 2659 tragicorum
1306 2575 1388 2640 locis
1404 2573 1483 2639 mihi

208 2682 337 2747 videtur
351 2680 508 2748 Ellendtii
527 2682 618 2765 (Lex.
632 2681 730 2765 Soph.
754 2679 788 2747 iu
811 2701 841 2747 v.
859 2675 954 2769 ἀμφῦ
968 2680 1149 2759 distinctio,
1167 2682 1355 2761 statuentis,
1372 2682 1482 2746 dativo

208 2790 465 2873 cautiquitatm,
490 2790 679 2856 accusativo
705 2787 966 2872 lonqinquiorem
988 2790 1088 2872 paulo
1110 2789 1258 2856 habitum
1292 2788 1481 2874 significari:

208 2915 281 2963 nam
318 2896 448 2962 dativus
483 2897 678 2980 plerumque
714 2897 753 2962 de
777 2894 907 2962 homine
941 2901 975 2962 et
998 2897 1146 2981 corporis
1170 2899 1319 2981 partibus
1347 2897 1480 2977 dicitur,

209 3004 418 3070 accusativus
442 3004 481 3069 de
504 3003 600 3071 loeis.
623 3003 714 3068 Idem
740 3003 824 3085 apud
848 3001 1019 3069 davides
1043 3005 1077 3070 in

252 3110 312 3176 Th.
338 3113 401 3176 995
426 3113 506 3192 ἀμφὶ
529 3113 565 3176 δὲ
588 3114 642 3178 σοὶ
666 3115 826 3178 κτυπεῖται
842 3114 1046 3192 Κιθαιρώνιος
1062 3115 1138 3195 ἠχώ,
1152 3131 1248 3196 quem
1265 3113 1373 3178 locum
1394 3130 1481 3178 com·

209 3237 288 3302 para
317 3236 391 3284 cum
418 3219 455 3282 A.
483 3223 578 3284 1072.

587 3860 770 3916 ADDENDA
789 3861 838 3916 ET
857 3861 1107 3918 OORRIGENDA.

241 4004 270 4059 P.
326 4007 351 4074 5,
386 4023 411 4060 ν.
448 4001 542 4060 8dela
561 4004 636 4073 prius
656 4009 708 4062 863
728 4004 762 4062 ἐν.

242 4094 271 4149 Ρ.
326 4097 352 4164 8,
389 4111 413 4148 v.
453 4097 466 4146 l
512 4116 524 4141 ι
562 4099 596 4162 τῇ

241 4183 271 4237 Ρ.
303 4187 347 4254 24,
383 4202 408 4237 v.
428 4187 463 4237 30
480 4187 542 4254 post
563 4189 625 4238 ‹ut›
646 4183 725 4240 adda:
744 4184 910 4254 Διασίοιοο)
929 4185 964 4240 N.
983 4187 1045 4242 408.
1065 4189 1128 4264 961,
1222 4231 1228 4246 .

242 4273 271 4327 Ρ.
308 4277 351 4344 35,
386 4291 411 4328 v.
451 4274 521 4328 dab
541 4274 595 4329 imo
614 4289 664 4343 pro
683 4274 768 4330 affere
787 4273 850 4343 laga
869 4274 972 4330 afferre

240 4361 270 4416 P.
307 4365 350 4431 86,
384 4381 410 4418 v.
447 4367 463 4417 7
494 4383 506 4410 »
565 4384 577 4411 ι
627 4385 639 4411 2
677 4365 767 4417 πόνον
806 4387 818 4413 »
869 4364 964 4418 πόνου

240 4450 270 4506 P.
286 4453 345 4518 129,
381 4467 407 4508 v.
428 4455 461 4506 15
623 4474 636 4501 2
675 4451 811 4523 Ulyxea»
863 4453 959 4512 Ulixes

736 4682 948 4694 ..η-...-
