3298 5368
658 491 855 554 -113-

154 654 190 724 b.
218 659 303 721 1051
328 657 557 737 αἰσχυνθείσας
589 660 641 722 διὰ
664 659 741 736 τοὺς
759 660 847 736 σοὺς
869 659 1142 740 Βελλεροφόντας,
1166 659 1206 725 de
1223 675 1289 746 qno
1313 659 1387 724 loco

110 783 137 828 ι.
162 762 374 848 Βαλιλιυγπει.
397 783 430 848 ρ.
457 770 530 830 154.

153 869 211 937 Ec
241 875 602 951 161γυναίκας-»τοὺς
626 873 746 951 ἄνδρας
770 877 881 952 λέγεις;
888 873 967 939 -δι’
996 803 1219 951 Επίγονόνγ’
1243 877 1386 941 ἐκεινονὶ.

110 979 287 1044 9723975
313 981 364 1043 διά
387 997 435 1043 τοι
457 983 498 1044 σὲ
520 980 643 1058 πόνους
667 980 742 1059 ἔχω.

152 1088 185 1160 ο)
209 1084 249 1151 Ε.
277 1089 342 1152 736
365 1087 424 1165 οὐχ
447 1085 562 1150 οἷοίτ’
588 1089 686 1166 ἐσμὲν
709 1089 760 1152 διὰ
782 1090 909 1152 τουτονί
933 1087 981 1172 (α’
1004 1089 1040 1154 εὖ
1063 1089 1192 1170 ποιεῖν).

151 1192 190 1256 N.
217 1196 282 1258 916
307 1196 358 1258 διὰ
381 1191 413 1258 σ’
437 1193 480 1257 οὐ
504 1199 622 1273 φοιτᾶν
645 1194 750 1273 οὐδεὶς
774 1195 872 1259 ἐθέλει
894 1200 960 1262 τῶν
983 1197 1162 1274 μειρακίων.

152 1299 207 1363 Pl.
233 1301 295 1364 168
320 1299 485 1378 δ-άλούς
508 1321 544 1376 γε
567 1301 678 1380 μοιχὸς
702 1304 753 1366 διὰ
783 1303 822 1366 σέ
845 1300 872 1378 γ’
898 1303 937 1367 οὐ
960 1303 1190 1380 παρατίλλεται.

153 1408 187 1490 2)
216 1405 280 1471 Rei
301 1407 354 1500 vel
377 1405 544 1472 abstracto
568 1408 714 1474 additum
728 1408 809 1473 illud
821 1408 993 1491 significet,
1010 1414 1149 1490 propter
1163 1411 1250 1493 quod
1262 1411 1387 1493 aliquid

108 1510 142 1577 bt
165 1514 414 1597 (menbrorum,
439 1533 482 1578 ιιο
507 1517 674 1596 πριιιιιιίι,
701 1535 753 1592 ne,
782 1519 856 1596 ταί)
881 1518 938 1600 (a).
964 1517 1162 1600 Adiungitur
1190 1523 1388 1583 autemnon

109 1620 207 1685 modu
245 1621 448 1687 substantivo
487 1623 539 1687 vel
569 1622 733 1687 adieetivo
757 1625 815 1706 (α),
840 1624 899 1689 sed
923 1625 1021 1688 etiem
1045 1623 1218 1704 infinitivo,
1253 1631 1389 1707 propter

109 1725 258 1792 additum
283 1725 456 1793 articulum
482 1729 679 1794 substantivi
705 1730 809 1794 vicem
832 1732 960 1814 gerenti
984 1732 1042 1814 (β),
1059 1733 1389 1814 frequentissimeque

109 1835 296 1914 pronomini
320 1836 451 1918 generis
476 1837 585 1902 neutri
608 1838 668 1920 (γ).
696 1837 778 1901 Tum
808 1838 944 1903 denotet
962 1837 1053 1914 iilud,
1072 1837 1158 1920 quod
1174 1837 1299 1920 aliquid
1313 1837 1388 1904 fieri

109 1941 250 2025 impedit
273 1944 328 2026 (b).
355 1943 509 2008 Ceterum
533 1946 665 2009 insitam
691 1963 822 2010 eausam
857 1963 1016 2027 nusquam
1051 1944 1174 2010 indicat
1208 1944 1273 2012 nisi
1306 1944 1389 2010 forte

110 2051 142 2114 in
166 2050 226 2116 Εο.
253 2053 329 2128 639,
353 2049 433 2114 alibi
458 2051 690 2116 adventiciam.

153 2175 186 2236 α,
210 2158 246 2236 α)
272 2161 309 2224 Α.
334 2161 354 2221 8
377 2160 462 2236 φιλῶ
485 2158 562 2233 τοὺς
584 2157 700 2234 ἱππέας
732 2159 782 2221 διὰ
815 2161 911 2221 τοῦτο
946 2157 1093 2235 τοῦργον.
1135 2160 1198 2220 349
1235 2157 1387 2234 ὀλίγου·-

111 2267 378 2330 ἀπέθανον-διὰ
400 2265 458 2342 τήν
482 2265 615 2328 ἀτοπίαν
637 2270 703 2329 τῶν
725 2269 884 2342 δημοτῶν.
911 2267 976 2328 378
1007 2264 1231 2329 ἅπαθον-διὰ
1253 2268 1311 2342 τὴν
1333 2267 1388 2330 πέ-

112 2390 187 2448 ρυσι
213 2375 391 2458 κωμῳδίαν.
418 2375 482 2436 638
505 2374 557 2436 διὰ
579 2373 655 2449 τοὺς
679 2373 1081 2450 στεφάνους*έκάθησθε.
1107 2374 1170 2434 640
1194 2371 1390 2448 ηὕρετο-πᾶν

112 2479 151 2544 ἀν
174 2483 229 2544 διὰ
250 2482 308 2557 τὰς
333 2481 478 2557 λιπαράς.
504 2481 567 2542 917
593 2479 837 2557 φαίνεις-διά
871 2480 1052 2556 θρυαλλίδα,
1087 2476 1144 2541 ubi
1167 2477 1243 2541 libri
1268 2479 1389 2559 partim

113 2588 162 2650 διὰ
189 2585 391 2664 θρυαλλίδας,
413 2583 535 2664 partim
559 2585 751 2660 θρυαλλίδας
775 2584 897 2648 omisso
913 2585 965 2648 διά
987 2582 1155 2664 praebent.
1178 2581 1218 2647 V.
1241 2583 1388 2666 Blandus.

155 2691 198 2761 E.
221 2695 284 2756 535
308 2696 360 2757 διὰ
386 2695 443 2769 τὰς
466 2693 625 2768 προτέρας
648 2692 738 2768 νίκας
761 2691 861 2756 πίνειν
884 2693 918 2755 έν
940 2697 986 2772 τῷ
1008 2690 1199 2772 πρυτανείῳ.

155 2798 200 2864 Ν.
226 2804 288 2864 377
315 2799 612 2875 κατακρημνάμεναι
635 2798 765 2875 πλήρεις
788 2798 910 2876 ὄμβρου
934 2795 973 2860 δι’
990 2797 1140 2874 ἀνάγκην.
1158 2799 1222 2860 384
1238 2802 1390 2872 παταγεῖν

115 2911 164 2973 διά
187 2911 245 2985 τὴν
267 2907 458 2983 πυκνότητα.
476 2908 540 2968 406
565 2905 696 2991 φέρεται
720 2907 866 2981 σοβαρὸς
889 2907 940 2967 διὰ
955 2905 1013 2981 τὴν
1029 2904 1220 2980 πυκνότητα.
1237 2905 1302 2967 438
1327 2903 1393 2980 ἡ-

116 3011 234 3089 άνάγκη
260 3031 297 3091 με
330 3013 427 3075 πιέζει
449 3012 501 3073 διὰ
523 3010 599 3085 τοὺς
629 3008 868 3085 ἵππους--καὶ
903 3009 960 3072 τὸν
990 3011 1102 3087 γάμον.
1139 3011 1222 3072 1066
1258 3010 1391 3085 πλεῑνῆ

114 3121 252 3184 τάλαντα
275 3119 379 3182 πολλὰ
402 3117 515 3195 εἴληφε
539 3118 590 3179 διὰ
613 3116 782 3192 πονηρίαν.

159 3225 198 3289 V.
223 3230 287 3289 558
311 3225 352 3301 ὃς·
373 3223 420 3302 ἔμ’
444 3221 519 3316 οὐδ’Ι
541 3222 580 3285 ἀν
602 3220 694 3286 Ζῶντ’
719 3223 816 3303 ᾔδειν,
841 3222 867 3284 εἰ
891 3224 931 3298 μὴ
955 3225 1007 3286 διὰ
1038 3225 1096 3300 τὴν
1131 3225 1290 3302 προτέραν
1315 3224 1393 3287 άπά-

117 3337 234 3410 φευξιν,
261 3347 345 3411 quae
372 3329 514 3395 formula
538 3327 683 3392 notanda
705 3334 765 3395 ent.
784 3326 847 3391 607
866 3327 1030 3404 δ’ταν-με
1046 3329 1163 3405 πάντες
1188 3330 1393 3394 ἀσπάζωνται

117 3440 167 3502 διὰ
190 3436 370 3513 τάργύριον.
397 3438 480 3498 1393
503 3433 790 3512 πράγματα«-καλ
812 3433 942 3508 δίκας
926 3453 1007 3511 εχειν
1035 3435 1086 3496 διὰ
1111 3434 1170 3496 τὸν
1201 3437 1264 3498 σὸν
1290 3433 1393 3497 οἶνον.

121 3549 204 3606 1404
227 3544 348 3606 πολλοῦ
373 3536 400 3603 δ’
424 3541 737 3616 ἐπαίνου-τυχῶν·
752 3540 804 3602 διὰ
826 3537 883 3614 τὴν
906 3538 1116 3615 φιλοπατρίαν
1142 3540 1192 3600 καὶ
1216 3539 1346 3616 σοφίαν.

163 3646 199 3713 Ρ.
228 3651 288 3711 172
313 3649 406 3712 πέντε
429 3648 665 3712 τάλαντα-διὰ
686 3647 743 3708 τὸν
767 3645 831 3709 σὸν
853 3646 1002 3720 πρωκτὸν
1030 3643 1180 3723 ὀφλήσει.

162 3758 219 3820 Αν.
246 3757 309 3818 706
332 3756 546 3830 παῖδας-διά
570 3755 628 3830 τὴν
652 3753 743 3831 ἰσχὺν
766 3752 824 3828 τὴν
846 3751 1001 3828 ἡμετέραν
1024 3749 1220 3827 διεμήρισαν.

161 3861 196 3928 L.
224 3863 287 3924 592
312 3861 634 3938 μονοκοιτοῦμενιδιὰ
657 3860 715 3934 τὰς
737 3859 898 3934 στρατιάς.
1191 3876 1195 3884 “

162 3967 220 4036 Ec.
246 3969 309 4032 639
333 3967 484 4041 ἄγξουσιν
507 3967 610 4029 πάντα
633 3965 768 4042 γέροντα
791 3965 842 4026 διὰ
864 3963 922 4040 τήν
947 3961 1086 4037 ἄγνοιαν.
1113 3961 1162 4026 Cf.
1187 3965 1246 4026 λν.
1273 3965 1347 4024 577.

162 4077 210 4142 Pl.
237 4078 298 4140 131
325 4073 427 4157 (ἀρχει
450 4071 469 4135 ὁ
490 4073 572 4149 Ζεὺς
595 4077 660 4136 τῶν
684 4071 783 4152 θεῶν)
819 4073 872 4134 διὰ
894 4070 1074 4147 τάργύριον.
1111 4073 1172 4132 147
1209 4071 1260 4133 διὰ
1283 4069 1393 4146 μικρὸν

121 4184 301 4261 ἀργυρίδιον
324 4185 442 4257 δοῦλος
465 4181 642 4256 γεγένημαι.
676 4184 740 4242 534
764 4180 816 4243 διὰ
838 4179 896 4254 τὴν
919 4177 1027 4256 χρείαν
1051 4179 1101 4240 καί
1125 4178 1184 4256 τὴν
1206 4177 1317 4240 πενίαν
1340 4182 1392 4252 Ζη-

120 4292 193 4366 τεῐν,
216 4286 338 4353 ὁπόθεν
363 4286 432 4365 βίον
455 4284 525 4350 ἕξει.
561 4283 608 4347 Cf.
633 4284 671 4351 E.
696 4288 771 4347 804.
796 4283 846 4347 Pl.
873 4287 968 4345 1005.

163 4395 215 4460 Fr.
241 4397 305 4458 413
329 4393 380 4457 καί
404 4390 560 4468 κολλύραν
583 4393 668 4454 τοῖσι
691 4393 835 4466 περῶσιν
858 4391 909 4454 διά
932 4389 1009 4452 τούν
1033 4389 1210 4465 Μαραθῶνι
1225 4389 1392 4464 τροπαίαν,

122 4503 207 4585 quod
245 4501 360 4574 Koch..
389 4499 525 4579 probatu
561 4497 691 4578 Bergkii
730 4498 922 4562 coniectura
956 4498 1106 4571 γέρουσιν
1142 4511 1200 4575 pro
1238 4498 1391 4573 περῶσιν,

122 4611 228 4676 τοιάδ·
253 4606 429 4688 ,οοίίγταπι
454 4606 625 4688 (debemus
650 4605 700 4668 vel
723 4604 899 4684 donemus)
916 4603 1050 4667 senibus
1067 4609 1202 4682 propter
1218 4601 1393 4666 victoriam·

1267 4715 1284 4764 ὅ
