<?xml version="1.0" encoding="UTF-8"?>
<!DOCTYPE html PUBLIC "-//W3C//DTD XHTML 1.0 Transitional//EN"
    "http://www.w3.org/TR/xhtml1/DTD/xhtml1-transitional.dtd">
<html xmlns="http://www.w3.org/1999/xhtml" xml:lang="en" lang="en">
 <head>
  <title>
</title>
<meta http-equiv="Content-Type" content="text/html;charset=utf-8" />
  <meta name='ocr-system' content='tesseract 3.04.00' />
  <meta name='ocr-capabilities' content='ocr_page ocr_carea ocr_par ocr_line ocrx_word'/>
</head>
<body>
  <div class='ocr_page' id='page_1' title='image "./depraepositionu00sobogoog_0128.png"; bbox 0 0 3298 5368; ppageno 0'>
   <div class='ocr_carea' id='block_1_1' title="bbox 664 483 864 543">
    <p class='ocr_par' dir='ltr' id='par_1_1' title="bbox 664 483 864 543">
     <span class='ocr_line' id='line_1_1' title="bbox 664 483 864 543; baseline -0.01 0"><span class='ocrx_word' id='word_1_1' title='bbox 664 511 710 526; x_wconf 91' lang='lat'><strong>·-</strong></span> <span class='ocrx_word' id='word_1_2' title='bbox 737 483 796 543; x_wconf 78' lang='lat' dir='ltr'><strong>tlt</strong></span> <span class='ocrx_word' id='word_1_3' title='bbox 822 513 864 526; x_wconf 92' lang='lat'>-</span> 
     </span>
    </p>
   </div>
   <div class='ocr_carea' id='block_1_2' title="bbox 126 643 1408 1158">
    <p class='ocr_par' dir='ltr' id='par_1_2' title="bbox 130 643 1407 838">
     <span class='ocr_line' id='line_1_2' title="bbox 131 643 1407 730; baseline -0.008 -14"><span class='ocrx_word' id='word_1_4' title='bbox 131 649 272 716; x_wconf 87' lang='lat' dir='ltr'><strong>lectione</strong></span> <span class='ocrx_word' id='word_1_5' title='bbox 307 651 358 713; x_wconf 86' lang='grc' dir='ltr'><strong>διὰ</strong></span> <span class='ocrx_word' id='word_1_6' title='bbox 394 651 433 712; x_wconf 83' lang='grc' dir='ltr'><strong>σὲ</strong></span> <span class='ocrx_word' id='word_1_7' title='bbox 456 651 495 713; x_wconf 87' lang='grc' dir='ltr'><strong>τὰ</strong></span> <span class='ocrx_word' id='word_1_8' title='bbox 514 649 618 712; x_wconf 84' lang='grc' dir='ltr'>πάντα</span> <span class='ocrx_word' id='word_1_9' title='bbox 636 651 705 712; x_wconf 76' lang='lat' dir='ltr'><strong>rut.</strong></span> <span class='ocrx_word' id='word_1_10' title='bbox 730 652 765 724; x_wconf 78' lang='lat' dir='ltr'><strong>et</strong></span> <span class='ocrx_word' id='word_1_11' title='bbox 787 646 1105 730; x_wconf 77' lang='lat' dir='ltr'><strong>proceleusmaticus</strong></span> <span class='ocrx_word' id='word_1_12' title='bbox 1132 643 1275 719; x_wconf 76' lang='lat' dir='ltr'><strong>offonnit</strong></span> <span class='ocrx_word' id='word_1_13' title='bbox 1299 657 1407 725; x_wconf 81' lang='lat' dir='ltr'><strong>nequo</strong></span> 
     </span>
     <span class='ocr_line' id='line_1_3' title="bbox 130 752 1304 838; baseline -0.008 -17"><span class='ocrx_word' id='word_1_14' title='bbox 130 759 172 822; x_wconf 76' lang='lat' dir='ltr'><strong>ot</strong></span> <span class='ocrx_word' id='word_1_15' title='bbox 196 756 304 835; x_wconf 67' lang='grc' dir='ltr'>διδοῖ,</span> <span class='ocrx_word' id='word_1_16' title='bbox 328 756 369 821; x_wconf 83' lang='lat' dir='ltr'><strong>ud</strong></span> <span class='ocrx_word' id='word_1_17' title='bbox 393 770 488 838; x_wconf 81' lang='lat' dir='ltr'><strong>quom</strong></span> <span class='ocrx_word' id='word_1_18' title='bbox 517 752 691 820; x_wconf 77' lang='lat' dir='ltr'><strong>referatur.</strong></span> <span class='ocrx_word' id='word_1_19' title='bbox 1300 805 1304 812; x_wconf 93' lang='lat'>.</span> 
     </span>
    </p>

    <p class='ocr_par' dir='ltr' id='par_1_3' title="bbox 126 857 1408 1158">
     <span class='ocr_line' id='line_1_4' title="bbox 176 857 1408 941; baseline -0.005 -13"><span class='ocrx_word' id='word_1_20' title='bbox 176 859 222 931; x_wconf 91' lang='lat' dir='ltr'><strong>Pl.</strong></span> <span class='ocrx_word' id='word_1_21' title='bbox 250 865 312 927; x_wconf 82' lang='lat'><strong>148</strong></span> <span class='ocrx_word' id='word_1_22' title='bbox 334 865 387 927; x_wconf 87' lang='grc' dir='ltr'><strong>διὰ</strong></span> <span class='ocrx_word' id='word_1_23' title='bbox 409 864 520 941; x_wconf 84' lang='grc' dir='ltr'>μικρὸν</span> <span class='ocrx_word' id='word_1_24' title='bbox 544 863 727 940; x_wconf 77' lang='grc' dir='ltr'>ἀργυρίδιον</span> <span class='ocrx_word' id='word_1_25' title='bbox 748 863 869 940; x_wconf 75' lang='grc' dir='ltr'>δοῦλος</span> <span class='ocrx_word' id='word_1_26' title='bbox 885 863 1063 940; x_wconf 81' lang='grc' dir='ltr'>γεγένημαι,</span> <span class='ocrx_word' id='word_1_27' title='bbox 1076 861 1239 938; x_wconf 82' lang='grc' dir='ltr'>πρότερον</span> <span class='ocrx_word' id='word_1_28' title='bbox 1255 861 1303 924; x_wconf 81' lang='grc' dir='ltr'><strong>ὢν</strong></span> <span class='ocrx_word' id='word_1_29' title='bbox 1318 857 1408 923; x_wconf 70' lang='grc' dir='ltr'>ἐλαί·</span> 
     </span>
     <span class='ocr_line' id='line_1_5' title="bbox 132 964 1406 1050; baseline -0.005 -16"><span class='ocrx_word' id='word_1_30' title='bbox 132 975 236 1048; x_wconf 80' lang='grc' dir='ltr'>θερος.</span> <span class='ocrx_word' id='word_1_31' title='bbox 275 968 440 1034; x_wconf 76' lang='grc' dir='ltr'>Ετίναινια</span> <span class='ocrx_word' id='word_1_32' title='bbox 467 968 569 1034; x_wconf 80' lang='lat' dir='ltr'><strong>verbo</strong></span> <span class='ocrx_word' id='word_1_33' title='bbox 602 967 765 1034; x_wconf 82' lang='lat' dir='ltr'><strong>Volsenus</strong></span> <span class='ocrx_word' id='word_1_34' title='bbox 802 967 939 1050; x_wconf 80' lang='lat' dir='ltr'><strong>scripsit</strong></span> <span class='ocrx_word' id='word_1_35' title='bbox 971 967 1194 1032; x_wconf 78' lang='lat' dir='ltr'><strong>Hcimrcichio</strong></span> <span class='ocrx_word' id='word_1_36' title='bbox 1217 965 1311 1044; x_wconf 76' lang='lat' dir='ltr'><strong>dunc,</strong></span> <span class='ocrx_word' id='word_1_37' title='bbox 1337 964 1406 1046; x_wconf 88' lang='lat' dir='ltr'><strong>qui,</strong></span> 
     </span>
     <span class='ocr_line' id='line_1_6' title="bbox 126 1071 1405 1158; baseline -0.005 -17"><span class='ocrx_word' id='word_1_38' title='bbox 126 1074 256 1142; x_wconf 80' lang='lat' dir='ltr'><strong>scholio</strong></span> <span class='ocrx_word' id='word_1_39' title='bbox 280 1091 370 1153; x_wconf 87' lang='lat' dir='ltr'><strong>usus,</strong></span> <span class='ocrx_word' id='word_1_40' title='bbox 395 1075 476 1143; x_wconf 80' lang='lat' dir='ltr'><strong>hooc</strong></span> <span class='ocrx_word' id='word_1_41' title='bbox 499 1091 560 1158; x_wconf 82' lang='lat' dir='ltr'><strong>pro</strong></span> <span class='ocrx_word' id='word_1_42' title='bbox 583 1077 695 1140; x_wconf 83' lang='grc' dir='ltr'>διὰτὸ</span> <span class='ocrx_word' id='word_1_43' title='bbox 720 1077 759 1153; x_wconf 89' lang='grc' dir='ltr'><strong>μὴ</strong></span> <span class='ocrx_word' id='word_1_44' title='bbox 784 1079 934 1140; x_wconf 82' lang='grc' dir='ltr'>πλουτεῖν</span> <span class='ocrx_word' id='word_1_45' title='bbox 959 1075 1045 1153; x_wconf 89' lang='grc' dir='ltr'>ίσως</span> <span class='ocrx_word' id='word_1_46' title='bbox 1068 1073 1222 1139; x_wconf 72' lang='lat' dir='ltr'><strong>conicum·</strong></span> <span class='ocrx_word' id='word_1_47' title='bbox 1242 1071 1405 1154; x_wconf 78' lang='lat' dir='ltr'><strong>reposuit</strong></span> 
     </span>
    </p>
   </div>
   <div class='ocr_carea' id='block_1_3' title="bbox 131 1179 1506 1265">
    <p class='ocr_par' dir='ltr' id='par_1_4' title="bbox 131 1179 1506 1265">
     <span class='ocr_line' id='line_1_7' title="bbox 131 1179 1506 1265; baseline -0.003 -20"><span class='ocrx_word' id='word_1_48' title='bbox 131 1181 178 1246; x_wconf 84' lang='lat' dir='ltr'><strong>Dc</strong></span> <span class='ocrx_word' id='word_1_49' title='bbox 202 1199 267 1265; x_wconf 78' lang='lat' dir='ltr'><strong>quo</strong></span> <span class='ocrx_word' id='word_1_50' title='bbox 289 1185 482 1248; x_wconf 73' lang='lat' dir='ltr'><strong>coniectura</strong></span> <span class='ocrx_word' id='word_1_51' title='bbox 505 1182 586 1248; x_wconf 79' lang='lat' dir='ltr'><strong>beno</strong></span> <span class='ocrx_word' id='word_1_52' title='bbox 622 1180 780 1246; x_wconf 80' lang='lat' dir='ltr'><strong>indicavit</strong></span> <span class='ocrx_word' id='word_1_53' title='bbox 810 1179 1027 1264; x_wconf 80' lang='lat' dir='ltr'><strong>Bomhorgius</strong></span> <span class='ocrx_word' id='word_1_54' title='bbox 1052 1181 1164 1265; x_wconf 76' lang='lat' dir='ltr'><strong>(locu,</strong></span> <span class='ocrx_word' id='word_1_55' title='bbox 1187 1199 1220 1264; x_wconf 88' lang='lat' dir='ltr'><strong>p.</strong></span> <span class='ocrx_word' id='word_1_56' title='bbox 1244 1179 1404 1263; x_wconf 72' lang='lat'>44-45):</span> <span class='ocrx_word' id='word_1_57' title='bbox 1504 1211 1506 1216; x_wconf 95' lang='lat'>·</span> 
     </span>
    </p>
   </div>
   <div class='ocr_carea' id='block_1_4' title="bbox 121 1285 1457 2013">
    <p class='ocr_par' dir='ltr' id='par_1_5' title="bbox 121 1285 1457 2013">
     <span class='ocr_line' id='line_1_8' title="bbox 133 1285 1405 1371; baseline -0.001 -19"><span class='ocrx_word' id='word_1_58' title='bbox 133 1288 263 1367; x_wconf 81' lang='lat' dir='ltr'><strong>„Primo</strong></span> <span class='ocrx_word' id='word_1_59' title='bbox 287 1289 374 1356; x_wconf 84' lang='lat' dir='ltr'><strong>enim</strong></span> <span class='ocrx_word' id='word_1_60' title='bbox 398 1289 559 1371; x_wconf 84' lang='lat' dir='ltr'><strong>otspoctu</strong></span> <span class='ocrx_word' id='word_1_61' title='bbox 583 1304 770 1370; x_wconf 78' lang='lat' dir='ltr'><strong>quanquam</strong></span> <span class='ocrx_word' id='word_1_62' title='bbox 793 1285 905 1354; x_wconf 78' lang='lat' dir='ltr'><strong>infelix</strong></span> <span class='ocrx_word' id='word_1_63' title='bbox 920 1289 1121 1354; x_wconf 81' lang='lat' dir='ltr'><strong>chundontiu</strong></span> <span class='ocrx_word' id='word_1_64' title='bbox 1136 1288 1312 1354; x_wconf 81' lang='lat' dir='ltr'><strong>uerborum</strong></span> <span class='ocrx_word' id='word_1_65' title='bbox 1329 1300 1405 1353; x_wconf 77' lang='lat' dir='ltr'><strong>enoc</strong></span> 
     </span>
     <span class='ocr_line' id='line_1_9' title="bbox 129 1391 1403 1480; baseline -0.002 -20"><span class='ocrx_word' id='word_1_66' title='bbox 129 1395 256 1462; x_wconf 82' lang='lat' dir='ltr'><strong>uidetur</strong></span> <span class='ocrx_word' id='word_1_67' title='bbox 294 1412 332 1461; x_wconf 84' lang='lat' dir='ltr'><strong>oc</strong></span> <span class='ocrx_word' id='word_1_68' title='bbox 368 1395 634 1480; x_wconf 76' lang='lat' dir='ltr'><strong>splendidissima</strong></span> <span class='ocrx_word' id='word_1_69' title='bbox 657 1400 709 1461; x_wconf 85' lang='lat' dir='ltr'><strong>cst</strong></span> <span class='ocrx_word' id='word_1_70' title='bbox 731 1393 945 1460; x_wconf 77' lang='lat' dir='ltr'><strong>lleimrcichii</strong></span> <span class='ocrx_word' id='word_1_71' title='bbox 982 1395 1185 1474; x_wconf 64' lang='lat' dir='ltr'><strong>coniectura,</strong></span> <span class='ocrx_word' id='word_1_72' title='bbox 1210 1410 1293 1476; x_wconf 83' lang='lat' dir='ltr'><strong>quoe</strong></span> <span class='ocrx_word' id='word_1_73' title='bbox 1317 1391 1403 1476; x_wconf 79' lang='lat' dir='ltr'><strong>opud</strong></span> 
     </span>
     <span class='ocr_line' id='line_1_10' title="bbox 124 1497 1406 1586; baseline -0.004 -17"><span class='ocrx_word' id='word_1_74' title='bbox 124 1499 340 1569; x_wconf 76' lang='lat' dir='ltr'><strong>scholiastarn</strong></span> <span class='ocrx_word' id='word_1_75' title='bbox 377 1501 566 1586; x_wconf 82' lang='lat' dir='ltr'><strong>legerentur</strong></span> <span class='ocrx_word' id='word_1_76' title='bbox 600 1501 833 1567; x_wconf 74' lang='lat' dir='ltr'><strong>Ravennatem:</strong></span> <span class='ocrx_word' id='word_1_77' title='bbox 857 1503 1015 1580; x_wconf 85' lang='grc' dir='ltr'>πρότερον</span> <span class='ocrx_word' id='word_1_78' title='bbox 1048 1505 1097 1567; x_wconf 80' lang='grc' dir='ltr'><strong>ὢν</strong></span> <span class='ocrx_word' id='word_1_79' title='bbox 1119 1501 1300 1579; x_wconf 75' lang='grc' dir='ltr'>ἐλεύθερος,</span> <span class='ocrx_word' id='word_1_80' title='bbox 1322 1497 1406 1564; x_wconf 79' lang='lat' dir='ltr'><strong>hoco</strong></span> 
     </span>
     <span class='ocr_line' id='line_1_11' title="bbox 129 1607 1404 1694; baseline 0 -22"><span class='ocrx_word' id='word_1_81' title='bbox 129 1611 227 1676; x_wconf 82' lang='lat' dir='ltr'><strong>uerbo</strong></span> <span class='ocrx_word' id='word_1_82' title='bbox 250 1609 481 1694; x_wconf 80' lang='lat' dir='ltr'><strong>Aristophanis</strong></span> <span class='ocrx_word' id='word_1_83' title='bbox 499 1627 573 1676; x_wconf 85' lang='lat' dir='ltr'><strong>osso</strong></span> <span class='ocrx_word' id='word_1_84' title='bbox 597 1609 669 1692; x_wconf 69' lang='lat' dir='ltr'><strong>ruti,</strong></span> <span class='ocrx_word' id='word_1_85' title='bbox 685 1615 795 1674; x_wconf 71' lang='lat' dir='ltr'><strong>umen</strong></span> <span class='ocrx_word' id='word_1_86' title='bbox 811 1609 871 1674; x_wconf 73' lang='lat' dir='ltr'><strong>tuli</strong></span> <span class='ocrx_word' id='word_1_87' title='bbox 886 1609 1009 1674; x_wconf 77' lang='lat' dir='ltr'><strong>auxilio</strong></span> <span class='ocrx_word' id='word_1_88' title='bbox 1034 1609 1151 1677; x_wconf 88' lang='lat' dir='ltr'><strong>critico</strong></span> <span class='ocrx_word' id='word_1_89' title='bbox 1175 1607 1404 1674; x_wconf 76' lang='lat' dir='ltr'><strong>abstinendum</strong></span> 
     </span>
     <span class='ocr_line' id='line_1_12' title="bbox 128 1715 1404 1801; baseline -0.002 -20"><span class='ocrx_word' id='word_1_90' title='bbox 128 1721 216 1798; x_wconf 85' lang='lat' dir='ltr'><strong>puto,</strong></span> <span class='ocrx_word' id='word_1_91' title='bbox 242 1719 320 1800; x_wconf 80' lang='lat' dir='ltr'><strong>quio</strong></span> <span class='ocrx_word' id='word_1_92' title='bbox 344 1719 423 1801; x_wconf 79' lang='grc' dir='ltr'>[διὰ]</span> <span class='ocrx_word' id='word_1_93' title='bbox 448 1720 559 1797; x_wconf 86' lang='grc' dir='ltr'>μικρὸν</span> <span class='ocrx_word' id='word_1_94' title='bbox 583 1717 766 1794; x_wconf 77' lang='grc' dir='ltr'>ἀργυρίδιον</span> <span class='ocrx_word' id='word_1_95' title='bbox 788 1733 863 1781; x_wconf 84' lang='lat' dir='ltr'><strong>cum</strong></span> <span class='ocrx_word' id='word_1_96' title='bbox 886 1715 933 1781; x_wconf 87' lang='lat' dir='ltr'><strong>sit</strong></span> <span class='ocrx_word' id='word_1_97' title='bbox 949 1723 1007 1798; x_wconf 79' lang='lat' dir='ltr'><strong>„ut</strong></span> <span class='ocrx_word' id='word_1_98' title='bbox 1029 1733 1163 1799; x_wconf 74' lang='lat' dir='ltr'><strong>paruam</strong></span> <span class='ocrx_word' id='word_1_99' title='bbox 1186 1715 1268 1780; x_wconf 82' lang='lat' dir='ltr'><strong>nnlhi</strong></span> <span class='ocrx_word' id='word_1_100' title='bbox 1291 1729 1404 1796; x_wconf 80' lang='lat' dir='ltr'><strong>norom</strong></span> 
     </span>
     <span class='ocr_line' id='line_1_13' title="bbox 127 1820 1457 1914; baseline -0.002 -25"><span class='ocrx_word' id='word_1_101' title='bbox 127 1823 319 1904; x_wconf 75' lang='lat' dir='ltr'><strong>pecuniam“</strong></span> <span class='ocrx_word' id='word_1_102' title='bbox 361 1827 411 1890; x_wconf 87' lang='grc' dir='ltr'><strong>διὰ</strong></span> <span class='ocrx_word' id='word_1_103' title='bbox 443 1827 480 1888; x_wconf 87' lang='grc' dir='ltr'><strong>τὸ</strong></span> <span class='ocrx_word' id='word_1_104' title='bbox 516 1827 557 1902; x_wconf 84' lang='grc' dir='ltr'><strong>μὴ</strong></span> <span class='ocrx_word' id='word_1_105' title='bbox 591 1827 741 1890; x_wconf 77' lang='grc' dir='ltr'>πλουτεῖν</span> <span class='ocrx_word' id='word_1_106' title='bbox 775 1823 860 1902; x_wconf 77' lang='grc' dir='ltr'>ἴσως</span> <span class='ocrx_word' id='word_1_107' title='bbox 892 1821 994 1888; x_wconf 78' lang='grc' dir='ltr'>πονου</span> <span class='ocrx_word' id='word_1_108' title='bbox 1018 1823 1198 1901; x_wconf 80' lang='lat' dir='ltr'><strong>docloront,</strong></span> <span class='ocrx_word' id='word_1_109' title='bbox 1220 1838 1284 1887; x_wconf 88' lang='lat' dir='ltr'><strong>cur</strong></span> <span class='ocrx_word' id='word_1_110' title='bbox 1304 1820 1403 1887; x_wconf 81' lang='lat' dir='ltr'><strong>Corio</strong></span> <span class='ocrx_word' id='word_1_111' title='bbox 1453 1905 1457 1914; x_wconf 19' lang='grc' dir='ltr'>υ</span> 
     </span>
     <span class='ocr_line' id='line_1_14' title="bbox 121 1927 1395 2013; baseline -0.002 -18"><span class='ocrx_word' id='word_1_112' title='bbox 121 1934 260 2000; x_wconf 78' lang='grc' dir='ltr'>σπιρίου</span> <span class='ocrx_word' id='word_1_113' title='bbox 287 1939 421 1998; x_wconf 73' lang='lat' dir='ltr'><strong>coactus</strong></span> <span class='ocrx_word' id='word_1_114' title='bbox 440 1932 500 1996; x_wconf 82' lang='lat' dir='ltr'><strong>sit.</strong></span> <span class='ocrx_word' id='word_1_115' title='bbox 519 1932 678 1996; x_wconf 80' lang='lat' dir='ltr'><strong>seruitute</strong></span> <span class='ocrx_word' id='word_1_116' title='bbox 703 1929 889 1996; x_wconf 83' lang='lat' dir='ltr'><strong>voluntario</strong></span> <span class='ocrx_word' id='word_1_117' title='bbox 911 1946 1046 2012; x_wconf 75' lang='lat' dir='ltr'><strong>porcum</strong></span> <span class='ocrx_word' id='word_1_118' title='bbox 1071 1945 1230 2013; x_wconf 79' lang='lat' dir='ltr'>quaerere</span> <span class='ocrx_word' id='word_1_119' title='bbox 1246 1927 1395 1993; x_wconf 77' lang='lat' dir='ltr'><strong>uictum‘t</strong></span> 
     </span>
    </p>
   </div>
   <div class='ocr_carea' id='block_1_5' title="bbox 321 2161 1286 2246">
    <p class='ocr_par' dir='ltr' id='par_1_6' title="bbox 321 2161 1286 2246">
     <span class='ocr_line' id='line_1_15' title="bbox 321 2161 1286 2246; baseline -0.002 -18"><span class='ocrx_word' id='word_1_120' title='bbox 321 2161 854 2246; x_wconf 76' lang='lat' dir='ltr'><strong>ss.n1u‚oungenecivo</strong></span> <span class='ocrx_word' id='word_1_121' title='bbox 891 2163 1208 2239; x_wconf 83' lang='lat' dir='ltr'><strong>coniunctum,</strong></span> <span class='ocrx_word' id='word_1_122' title='bbox 1283 2221 1286 2226; x_wconf 87' lang='lat'><em>.</em></span> 
     </span>
    </p>
   </div>
   <div class='ocr_carea' id='block_1_6' title="bbox 122 2355 1404 2764">
    <p class='ocr_par' dir='ltr' id='par_1_7' title="bbox 122 2355 1404 2764">
     <span class='ocr_line' id='line_1_16' title="bbox 169 2355 1404 2444; baseline 0 -20"><span class='ocrx_word' id='word_1_123' title='bbox 169 2361 194 2424; x_wconf 91' lang='lat' dir='ltr'><strong>l.</strong></span> <span class='ocrx_word' id='word_1_124' title='bbox 225 2361 260 2444; x_wconf 88' lang='lat' dir='ltr'><strong>l)</strong></span> <span class='ocrx_word' id='word_1_125' title='bbox 287 2356 406 2423; x_wconf 82' lang='lat' dir='ltr'><strong>Locum</strong></span> <span class='ocrx_word' id='word_1_126' title='bbox 442 2357 616 2440; x_wconf 78' lang='lat' dir='ltr'><strong>significat,</strong></span> <span class='ocrx_word' id='word_1_127' title='bbox 641 2376 737 2440; x_wconf 81' lang='lat' dir='ltr'><strong>quom</strong></span> <span class='ocrx_word' id='word_1_128' title='bbox 772 2358 916 2424; x_wconf 85' lang='lat' dir='ltr'><strong>modium</strong></span> <span class='ocrx_word' id='word_1_129' title='bbox 932 2407 936 2412; x_wconf 90' lang='lat'>.</span> <span class='ocrx_word' id='word_1_130' title='bbox 952 2357 1072 2440; x_wconf 81' lang='lat' dir='ltr'><strong>aliquis</strong></span> <span class='ocrx_word' id='word_1_131' title='bbox 1095 2359 1147 2422; x_wconf 82' lang='lat' dir='ltr'><strong>uel</strong></span> <span class='ocrx_word' id='word_1_132' title='bbox 1178 2355 1304 2442; x_wconf 69' lang='lat' dir='ltr'><strong>aliquid</strong></span> <span class='ocrx_word' id='word_1_133' title='bbox 1328 2376 1404 2444; x_wconf 59' lang='lat' dir='ltr'><strong>penb</strong></span> 
     </span>
     <span class='ocr_line' id='line_1_17' title="bbox 127 2464 1404 2548; baseline 0.002 -19"><span class='ocrx_word' id='word_1_134' title='bbox 127 2473 225 2545; x_wconf 84' lang='lat' dir='ltr'><strong>ment,</strong></span> <span class='ocrx_word' id='word_1_135' title='bbox 253 2473 315 2532; x_wconf 72' lang='lat' dir='ltr'><strong>aiut</strong></span> <span class='ocrx_word' id='word_1_136' title='bbox 337 2483 418 2542; x_wconf 86' lang='lat' dir='ltr'><strong>rom,</strong></span> <span class='ocrx_word' id='word_1_137' title='bbox 439 2485 503 2546; x_wconf 80' lang='lat' dir='ltr'><strong>per</strong></span> <span class='ocrx_word' id='word_1_138' title='bbox 522 2484 618 2548; x_wconf 86' lang='lat' dir='ltr'><strong>quom</strong></span> <span class='ocrx_word' id='word_1_139' title='bbox 643 2467 766 2532; x_wconf 82' lang='lat' dir='ltr'><strong>transit</strong></span> <span class='ocrx_word' id='word_1_140' title='bbox 795 2465 920 2548; x_wconf 77' lang='lat' dir='ltr'><strong>aliquid</strong></span> <span class='ocrx_word' id='word_1_141' title='bbox 944 2472 1000 2530; x_wconf 85' lang='lat' dir='ltr'><strong>aut</strong></span> <span class='ocrx_word' id='word_1_142' title='bbox 1024 2483 1107 2548; x_wconf 87' lang='lat' dir='ltr'><strong>quoe</strong></span> <span class='ocrx_word' id='word_1_143' title='bbox 1131 2464 1329 2548; x_wconf 76' lang='lat' dir='ltr'><strong>interposito</strong></span> <span class='ocrx_word' id='word_1_144' title='bbox 1349 2471 1404 2534; x_wconf 79' lang='lat' dir='ltr'><strong>ost</strong></span> 
     </span>
     <span class='ocr_line' id='line_1_18' title="bbox 122 2571 1403 2657; baseline 0.001 -19"><span class='ocrx_word' id='word_1_145' title='bbox 122 2573 177 2657; x_wconf 75' lang='lat' dir='ltr'><strong>(ut</strong></span> <span class='ocrx_word' id='word_1_146' title='bbox 196 2579 252 2641; x_wconf 85' lang='grc' dir='ltr'><strong>διὰ</strong></span> <span class='ocrx_word' id='word_1_147' title='bbox 273 2578 330 2652; x_wconf 86' lang='grc' dir='ltr'><strong>τῆς</strong></span> <span class='ocrx_word' id='word_1_148' title='bbox 354 2573 437 2651; x_wconf 82' lang='grc' dir='ltr'>ὀπῆς</span> <span class='ocrx_word' id='word_1_149' title='bbox 472 2573 624 2654; x_wconf 80' lang='grc' dir='ltr'>ἀκούειν).</span> <span class='ocrx_word' id='word_1_150' title='bbox 661 2571 831 2638; x_wconf 79' lang='lat' dir='ltr'><strong>Interdum</strong></span> <span class='ocrx_word' id='word_1_151' title='bbox 867 2580 976 2638; x_wconf 82' lang='lat' dir='ltr'><strong>autern</strong></span> <span class='ocrx_word' id='word_1_152' title='bbox 1001 2589 1104 2654; x_wconf 85' lang='lat' dir='ltr'>prope</span> <span class='ocrx_word' id='word_1_153' title='bbox 1128 2573 1258 2640; x_wconf 80' lang='lat' dir='ltr'><strong>occotlit</strong></span> <span class='ocrx_word' id='word_1_154' title='bbox 1281 2573 1322 2638; x_wconf 80' lang='lat' dir='ltr'><strong>od</strong></span> <span class='ocrx_word' id='word_1_155' title='bbox 1344 2591 1403 2639; x_wconf 90' lang='lat' dir='ltr'><strong>no-</strong></span> 
     </span>
     <span class='ocr_line' id='line_1_19' title="bbox 125 2681 1402 2764; baseline -0.002 -17"><span class='ocrx_word' id='word_1_156' title='bbox 125 2681 249 2748; x_wconf 83' lang='lat' dir='ltr'><strong>tionem</strong></span> <span class='ocrx_word' id='word_1_157' title='bbox 275 2681 426 2748; x_wconf 79' lang='lat' dir='ltr'><strong>vocabuli</strong></span> <span class='ocrx_word' id='word_1_158' title='bbox 462 2683 507 2748; x_wconf 78' lang='grc' dir='ltr'><strong>ἐνε</strong></span> <span class='ocrx_word' id='word_1_159' title='bbox 533 2681 588 2746; x_wconf 84' lang='lat' dir='ltr'><strong>sed</strong></span> <span class='ocrx_word' id='word_1_160' title='bbox 622 2688 733 2748; x_wconf 86' lang='lat' dir='ltr'><strong>tomon</strong></span> <span class='ocrx_word' id='word_1_161' title='bbox 763 2682 1111 2764; x_wconf 66' lang='lat' dir='ltr'><strong>circumponimus,</strong></span> <span class='ocrx_word' id='word_1_162' title='bbox 1136 2685 1285 2746; x_wconf 86' lang='lat' dir='ltr'><strong>outtoto</strong></span> <span class='ocrx_word' id='word_1_163' title='bbox 1311 2682 1402 2763; x_wconf 70' lang='lat' dir='ltr'><strong>regio</strong></span> 
     </span>
    </p>
   </div>
   <div class='ocr_carea' id='block_1_7' title="bbox 120 2786 1401 2976">
    <p class='ocr_par' dir='ltr' id='par_1_8' title="bbox 120 2786 1401 2976">
     <span class='ocr_line' id='line_1_20' title="bbox 125 2786 1401 2873; baseline 0.002 -21"><span class='ocrx_word' id='word_1_164' title='bbox 125 2789 340 2873; x_wconf 84' lang='lat' dir='ltr'><strong>intellegitur,</strong></span> <span class='ocrx_word' id='word_1_165' title='bbox 365 2795 424 2853; x_wconf 85' lang='lat' dir='ltr'><strong>aut</strong></span> <span class='ocrx_word' id='word_1_166' title='bbox 447 2789 560 2870; x_wconf 83' lang='lat' dir='ltr'><strong>plures</strong></span> <span class='ocrx_word' id='word_1_167' title='bbox 583 2788 656 2854; x_wconf 86' lang='lat' dir='ltr'><strong>cius</strong></span> <span class='ocrx_word' id='word_1_168' title='bbox 679 2793 802 2870; x_wconf 82' lang='lat' dir='ltr'><strong>portes.</strong></span> <span class='ocrx_word' id='word_1_169' title='bbox 828 2787 938 2866; x_wconf 79' lang='lat' dir='ltr'><strong>Quare</strong></span> <span class='ocrx_word' id='word_1_170' title='bbox 961 2787 1085 2853; x_wconf 89' lang='lat' dir='ltr'><strong>dicitur</strong></span> <span class='ocrx_word' id='word_1_171' title='bbox 1108 2787 1262 2854; x_wconf 82' lang='lat' dir='ltr'><strong>derebus</strong></span> <span class='ocrx_word' id='word_1_172' title='bbox 1285 2786 1319 2852; x_wconf 91' lang='lat' dir='ltr'><strong>in</strong></span> <span class='ocrx_word' id='word_1_173' title='bbox 1336 2803 1401 2856; x_wconf 86' lang='lat' dir='ltr'><strong>uno</strong></span> 
     </span>
     <span class='ocr_line' id='line_1_21' title="bbox 120 2889 1400 2976; baseline 0 -21"><span class='ocrx_word' id='word_1_174' title='bbox 120 2892 234 2974; x_wconf 77' lang='lat' dir='ltr'><strong>uliquo</strong></span> <span class='ocrx_word' id='word_1_175' title='bbox 272 2892 347 2956; x_wconf 90' lang='lat' dir='ltr'><strong>loco</strong></span> <span class='ocrx_word' id='word_1_176' title='bbox 382 2890 565 2973; x_wconf 84' lang='lat' dir='ltr'><strong>dissipatis,</strong></span> <span class='ocrx_word' id='word_1_177' title='bbox 600 2897 637 2955; x_wconf 92' lang='lat' dir='ltr'><strong>ut</strong></span> <span class='ocrx_word' id='word_1_178' title='bbox 673 2893 770 2974; x_wconf 84' lang='lat' dir='ltr'><strong>„per“</strong></span> <span class='ocrx_word' id='word_1_179' title='bbox 807 2889 998 2956; x_wconf 82' lang='lat' dir='ltr'><strong>Latinorum</strong></span> <span class='ocrx_word' id='word_1_180' title='bbox 1028 2892 1070 2976; x_wconf 86' lang='lat' dir='ltr'><strong>(v.</strong></span> <span class='ocrx_word' id='word_1_181' title='bbox 1097 2891 1200 2957; x_wconf 80' lang='lat' dir='ltr'><strong>Hunrl.</strong></span> <span class='ocrx_word' id='word_1_182' title='bbox 1224 2890 1320 2958; x_wconf 83' lang='lat' dir='ltr'><strong>Turs.</strong></span> <span class='ocrx_word' id='word_1_183' title='bbox 1345 2891 1400 2968; x_wconf 80' lang='lat' dir='ltr'><strong>IV,</strong></span> 
     </span>
    </p>
   </div>
   <div class='ocr_carea' id='block_1_8' title="bbox 122 2999 915 3083">
    <p class='ocr_par' dir='ltr' id='par_1_9' title="bbox 122 2999 915 3083">
     <span class='ocr_line' id='line_1_22' title="bbox 122 2999 915 3083; baseline 0.003 -23"><span class='ocrx_word' id='word_1_184' title='bbox 122 3003 186 3063; x_wconf 83' lang='grc'><strong>429</strong></span> <span class='ocrx_word' id='word_1_185' title='bbox 212 2999 289 3083; x_wconf 86' lang='lat' dir='ltr'><strong>sq.)‚</strong></span> <span class='ocrx_word' id='word_1_186' title='bbox 312 3003 463 3063; x_wconf 84' lang='lat' dir='ltr'><strong>nostrum</strong></span> <span class='ocrx_word' id='word_1_187' title='bbox 488 3015 626 3079; x_wconf 61' lang='lat' dir='ltr'><strong>„upton</strong></span> <span class='ocrx_word' id='word_1_188' title='bbox 656 3016 786 3076; x_wconf 74' lang='lat' dir='ltr'><strong>choors,</strong></span> <span class='ocrx_word' id='word_1_189' title='bbox 813 3000 887 3062; x_wconf 88' lang='lat' dir='ltr'><strong>no‘.</strong></span> <span class='ocrx_word' id='word_1_190' title='bbox 914 3005 915 3012; x_wconf 77' lang='grc'>’</span> 
     </span>
    </p>
   </div>
   <div class='ocr_carea' id='block_1_9' title="bbox 167 3089 1528 3187">
    <p class='ocr_par' dir='ltr' id='par_1_10' title="bbox 167 3089 1528 3187">
     <span class='ocr_line' id='line_1_23' title="bbox 167 3089 1528 3187; baseline -0.001 -19"><span class='ocrx_word' id='word_1_191' title='bbox 167 3105 227 3168; x_wconf 78' lang='lat' dir='ltr'><strong>hv.</strong></span> <span class='ocrx_word' id='word_1_192' title='bbox 256 3106 318 3168; x_wconf 84' lang='grc'><strong>922</strong></span> <span class='ocrx_word' id='word_1_193' title='bbox 344 3105 384 3168; x_wconf 90' lang='grc' dir='ltr'><strong>ἂν</strong></span> <span class='ocrx_word' id='word_1_194' title='bbox 407 3104 608 3184; x_wconf 88' lang='grc' dir='ltr'>εἰσπέμψειεν</span> <span class='ocrx_word' id='word_1_195' title='bbox 628 3105 672 3182; x_wconf 92' lang='grc' dir='ltr'><strong>εἰς</strong></span> <span class='ocrx_word' id='word_1_196' title='bbox 688 3107 725 3170; x_wconf 89' lang='grc' dir='ltr'><strong>τὸ</strong></span> <span class='ocrx_word' id='word_1_197' title='bbox 742 3107 877 3182; x_wconf 88' lang='grc' dir='ltr'>νεώριον</span> <span class='ocrx_word' id='word_1_198' title='bbox 894 3105 931 3170; x_wconf 82' lang='grc' dir='ltr'><strong>δι’</strong></span> <span class='ocrx_word' id='word_1_199' title='bbox 946 3106 1138 3184; x_wconf 85' lang='grc' dir='ltr'>ὑδρορρόας.</span> <span class='ocrx_word' id='word_1_200' title='bbox 1155 3107 1240 3170; x_wconf 86' lang='grc'>1226</span> <span class='ocrx_word' id='word_1_201' title='bbox 1257 3105 1404 3187; x_wconf 79' lang='grc' dir='ltr'>λόγχη-</span> <span class='ocrx_word' id='word_1_202' title='bbox 1525 3089 1528 3096; x_wconf 67' lang='grc'><strong>’</strong></span> 
     </span>
    </p>
   </div>
   <div class='ocr_carea' id='block_1_10' title="bbox 120 3209 1401 4678">
    <p class='ocr_par' dir='ltr' id='par_1_11' title="bbox 124 3209 587 3289">
     <span class='ocr_line' id='line_1_24' title="bbox 124 3209 587 3289; baseline 0.004 -15"><span class='ocrx_word' id='word_1_203' title='bbox 124 3211 287 3288; x_wconf 81' lang='grc' dir='ltr'>ἐμπέπηγέ</span> <span class='ocrx_word' id='word_1_204' title='bbox 310 3231 362 3289; x_wconf 88' lang='grc' dir='ltr'><strong>μοι</strong></span> <span class='ocrx_word' id='word_1_205' title='bbox 385 3209 428 3274; x_wconf 78' lang='grc' dir='ltr'><strong>δι’</strong></span> <span class='ocrx_word' id='word_1_206' title='bbox 451 3209 587 3276; x_wconf 85' lang='grc' dir='ltr'>ὀστέων.</span> 
     </span>
    </p>

    <p class='ocr_par' dir='ltr' id='par_1_12' title="bbox 166 3315 868 3398">
     <span class='ocr_line' id='line_1_25' title="bbox 166 3315 868 3398; baseline 0.006 -19"><span class='ocrx_word' id='word_1_207' title='bbox 166 3315 205 3380; x_wconf 82' lang='grc' dir='ltr'><strong>Ε.</strong></span> <span class='ocrx_word' id='word_1_208' title='bbox 231 3320 297 3380; x_wconf 76' lang='grc'><strong>527</strong></span> <span class='ocrx_word' id='word_1_209' title='bbox 322 3319 373 3381; x_wconf 88' lang='grc' dir='ltr'><strong>διὰ</strong></span> <span class='ocrx_word' id='word_1_210' title='bbox 395 3320 461 3383; x_wconf 83' lang='grc' dir='ltr'><strong>τῶν</strong></span> <span class='ocrx_word' id='word_1_211' title='bbox 484 3319 617 3398; x_wconf 84' lang='grc' dir='ltr'>ἀφελῶν</span> <span class='ocrx_word' id='word_1_212' title='bbox 638 3319 757 3384; x_wconf 87' lang='grc' dir='ltr'>πεδίων</span> <span class='ocrx_word' id='word_1_213' title='bbox 775 3318 868 3397; x_wconf 84' lang='grc' dir='ltr'>ἔρρει.</span> 
     </span>
    </p>

    <p class='ocr_par' dir='ltr' id='par_1_13' title="bbox 120 3420 1401 4038">
     <span class='ocr_line' id='line_1_26' title="bbox 166 3420 1401 3508; baseline 0.008 -24"><span class='ocrx_word' id='word_1_214' title='bbox 166 3420 208 3485; x_wconf 83' lang='lat' dir='ltr'><strong>N.</strong></span> <span class='ocrx_word' id='word_1_215' title='bbox 237 3425 297 3486; x_wconf 86' lang='grc'><strong>161</strong></span> <span class='ocrx_word' id='word_1_216' title='bbox 324 3425 375 3488; x_wconf 88' lang='grc' dir='ltr'><strong>διὰ</strong></span> <span class='ocrx_word' id='word_1_217' title='bbox 410 3422 669 3503; x_wconf 77' lang='grc' dir='ltr'>λεπτοῦ-ὄντος</span> <span class='ocrx_word' id='word_1_218' title='bbox 703 3425 805 3490; x_wconf 81' lang='grc' dir='ltr'>αὐτοῦ</span> <span class='ocrx_word' id='word_1_219' title='bbox 837 3428 896 3504; x_wconf 83' lang='grc' dir='ltr'><strong>τὴν</strong></span> <span class='ocrx_word' id='word_1_220' title='bbox 925 3428 1222 3506; x_wconf 80' lang='grc' dir='ltr'>πνοὴν-βαδίζειν.</span> <span class='ocrx_word' id='word_1_221' title='bbox 1250 3431 1314 3494; x_wconf 79' lang='grc'><strong>325</strong></span> <span class='ocrx_word' id='word_1_222' title='bbox 1337 3449 1401 3508; x_wconf 87' lang='grc' dir='ltr'><strong>χω·</strong></span> 
     </span>
     <span class='ocr_line' id='line_1_27' title="bbox 123 3530 1399 3613; baseline 0.005 -23"><span class='ocrx_word' id='word_1_223' title='bbox 123 3531 316 3603; x_wconf 72' lang='lat' dir='ltr'><strong>onnon-orn</strong></span> <span class='ocrx_word' id='word_1_224' title='bbox 351 3533 416 3592; x_wconf 81' lang='grc' dir='ltr'><strong>τῶν</strong></span> <span class='ocrx_word' id='word_1_225' title='bbox 451 3530 571 3595; x_wconf 87' lang='grc' dir='ltr'>κοίλων</span> <span class='ocrx_word' id='word_1_226' title='bbox 605 3533 657 3596; x_wconf 85' lang='grc' dir='ltr'><strong>καὶ</strong></span> <span class='ocrx_word' id='word_1_227' title='bbox 678 3536 744 3596; x_wconf 84' lang='grc' dir='ltr'><strong>τῶν</strong></span> <span class='ocrx_word' id='word_1_228' title='bbox 767 3533 906 3599; x_wconf 87' lang='grc' dir='ltr'>δασέων.</span> <span class='ocrx_word' id='word_1_229' title='bbox 935 3535 999 3597; x_wconf 72' lang='grc'><strong>323</strong></span> <span class='ocrx_word' id='word_1_230' title='bbox 1024 3534 1075 3597; x_wconf 86' lang='grc' dir='ltr'><strong>διὰ</strong></span> <span class='ocrx_word' id='word_1_231' title='bbox 1098 3535 1252 3599; x_wconf 85' lang='grc' dir='ltr'>κοσκίνου</span> <span class='ocrx_word' id='word_1_232' title='bbox 1276 3534 1399 3613; x_wconf 77' lang='grc' dir='ltr'>οὐρεῖν.</span> 
     </span>
     <span class='ocr_line' id='line_1_28' title="bbox 123 3634 1401 3722; baseline 0.007 -23"><span class='ocrx_word' id='word_1_233' title='bbox 123 3635 186 3699; x_wconf 78' lang='grc'><strong>583</strong></span> <span class='ocrx_word' id='word_1_234' title='bbox 212 3635 498 3715; x_wconf 46' lang='grc' dir='ltr'>βροντὴψέρράγη</span> <span class='ocrx_word' id='word_1_235' title='bbox 533 3634 572 3702; x_wconf 85' lang='grc' dir='ltr'><strong>δι’</strong></span> <span class='ocrx_word' id='word_1_236' title='bbox 604 3639 780 3716; x_wconf 83' lang='grc' dir='ltr'>ἀστραπῆς,</span> <span class='ocrx_word' id='word_1_237' title='bbox 807 3639 894 3720; x_wconf 85' lang='lat' dir='ltr'><strong>quod</strong></span> <span class='ocrx_word' id='word_1_238' title='bbox 917 3656 937 3703; x_wconf 86' lang='lat' dir='ltr'><strong>o</strong></span> <span class='ocrx_word' id='word_1_239' title='bbox 961 3637 1132 3722; x_wconf 84' lang='lat' dir='ltr'><strong>Sophoclis</strong></span> <span class='ocrx_word' id='word_1_240' title='bbox 1157 3639 1287 3708; x_wconf 77' lang='lat' dir='ltr'><strong>Teucro</strong></span> <span class='ocrx_word' id='word_1_241' title='bbox 1312 3655 1401 3708; x_wconf 86' lang='lat' dir='ltr'><strong>sunr-</strong></span> 
     </span>
     <span class='ocr_line' id='line_1_29' title="bbox 124 3742 1398 3830; baseline 0.01 -29"><span class='ocrx_word' id='word_1_242' title='bbox 124 3743 215 3817; x_wconf 85' lang='lat' dir='ltr'><strong>ptum</strong></span> <span class='ocrx_word' id='word_1_243' title='bbox 240 3758 315 3806; x_wconf 82' lang='lat' dir='ltr'><strong>esso</strong></span> <span class='ocrx_word' id='word_1_244' title='bbox 340 3742 520 3807; x_wconf 76' lang='lat' dir='ltr'><strong>scholiasta</strong></span> <span class='ocrx_word' id='word_1_245' title='bbox 544 3750 661 3810; x_wconf 81' lang='lat' dir='ltr'><strong>auctor</strong></span> <span class='ocrx_word' id='word_1_246' title='bbox 685 3750 746 3822; x_wconf 71' lang='lat' dir='ltr'><strong>est,</strong></span> <span class='ocrx_word' id='word_1_247' title='bbox 771 3745 858 3810; x_wconf 86' lang='lat' dir='ltr'><strong>unde</strong></span> <span class='ocrx_word' id='word_1_248' title='bbox 881 3745 1056 3812; x_wconf 73' lang='lat' dir='ltr'><strong>Ernestins</strong></span> <span class='ocrx_word' id='word_1_249' title='bbox 1080 3746 1214 3830; x_wconf 82' lang='lat' dir='ltr'><strong>colligit,</strong></span> <span class='ocrx_word' id='word_1_250' title='bbox 1240 3749 1398 3816; x_wconf 82' lang='lat' dir='ltr'><strong>irridendi</strong></span> 
     </span>
     <span class='ocr_line' id='line_1_30' title="bbox 120 3842 1400 3938; baseline 0.01 -28"><span class='ocrx_word' id='word_1_251' title='bbox 120 3842 299 3928; x_wconf 78' lang='lat' dir='ltr'><strong>Sophoclis</strong></span> <span class='ocrx_word' id='word_1_252' title='bbox 325 3863 424 3914; x_wconf 74' lang='lat' dir='ltr'><strong>cnusn</strong></span> <span class='ocrx_word' id='word_1_253' title='bbox 448 3849 529 3916; x_wconf 84' lang='lat' dir='ltr'><strong>hoec</strong></span> <span class='ocrx_word' id='word_1_254' title='bbox 551 3853 692 3934; x_wconf 83' lang='lat' dir='ltr'><strong>repetitu</strong></span> <span class='ocrx_word' id='word_1_255' title='bbox 717 3870 801 3931; x_wconf 78' lang='lat' dir='ltr'><strong>csse,</strong></span> <span class='ocrx_word' id='word_1_256' title='bbox 818 3857 856 3920; x_wconf 92' lang='lat' dir='ltr'><strong>ut</strong></span> <span class='ocrx_word' id='word_1_257' title='bbox 877 3870 942 3920; x_wconf 91' lang='lat' dir='ltr'><strong>non</strong></span> <span class='ocrx_word' id='word_1_258' title='bbox 966 3853 1049 3919; x_wconf 81' lang='lat' dir='ltr'><strong>bono</strong></span> <span class='ocrx_word' id='word_1_259' title='bbox 1072 3853 1171 3931; x_wconf 63' lang='lat' dir='ltr'><strong>dictu</strong></span> <span class='ocrx_word' id='word_1_260' title='bbox 1196 3853 1400 3938; x_wconf 77' lang='lat' dir='ltr'><strong>significatur</strong></span> 
     </span>
     <span class='ocr_line' id='line_1_31' title="bbox 120 3955 716 4038; baseline 0.02 -23"><span class='ocrx_word' id='word_1_261' title='bbox 120 3957 235 4018; x_wconf 79' lang='lat' dir='ltr'><strong>autom</strong></span> <span class='ocrx_word' id='word_1_262' title='bbox 260 3955 386 4019; x_wconf 85' lang='lat' dir='ltr'><strong>tonitru</strong></span> <span class='ocrx_word' id='word_1_263' title='bbox 409 3956 539 4038; x_wconf 82' lang='lat' dir='ltr'><strong>fulgure</strong></span> <span class='ocrx_word' id='word_1_264' title='bbox 568 3958 716 4027; x_wconf 85' lang='lat' dir='ltr'><strong>mixtum.</strong></span> 
     </span>
    </p>

    <p class='ocr_par' dir='ltr' id='par_1_14' title="bbox 120 4057 1401 4678">
     <span class='ocr_line' id='line_1_32' title="bbox 167 4057 1401 4143; baseline 0.011 -21"><span class='ocrx_word' id='word_1_265' title='bbox 167 4057 209 4126; x_wconf 88' lang='lat' dir='ltr'><strong>V.</strong></span> <span class='ocrx_word' id='word_1_266' title='bbox 236 4065 298 4126; x_wconf 82' lang='grc'><strong>127</strong></span> <span class='ocrx_word' id='word_1_267' title='bbox 323 4062 525 4140; x_wconf 80' lang='grc' dir='ltr'>ἐξεδίδρασκε</span> <span class='ocrx_word' id='word_1_268' title='bbox 545 4065 597 4128; x_wconf 87' lang='grc' dir='ltr'><strong>διά</strong></span> <span class='ocrx_word' id='word_1_269' title='bbox 619 4085 654 4128; x_wconf 88' lang='grc' dir='ltr'><strong>τε</strong></span> <span class='ocrx_word' id='word_1_270' title='bbox 676 4070 742 4130; x_wconf 85' lang='grc' dir='ltr'><strong>τῶν</strong></span> <span class='ocrx_word' id='word_1_271' title='bbox 764 4066 955 4143; x_wconf 76' lang='grc' dir='ltr'>ὑδρορροῶν</span> <span class='ocrx_word' id='word_1_272' title='bbox 978 4069 1028 4130; x_wconf 83' lang='grc' dir='ltr'><strong>καὶ</strong></span> <span class='ocrx_word' id='word_1_273' title='bbox 1050 4071 1116 4134; x_wconf 80' lang='grc' dir='ltr'><strong>τῶν</strong></span> <span class='ocrx_word' id='word_1_274' title='bbox 1140 4067 1243 4134; x_wconf 75' lang='grc' dir='ltr'>ὀπῶν.</span> <span class='ocrx_word' id='word_1_275' title='bbox 1267 4071 1330 4133; x_wconf 85' lang='grc'><strong>317</strong></span> <span class='ocrx_word' id='word_1_276' title='bbox 1349 4072 1401 4136; x_wconf 84' lang='grc' dir='ltr'><strong>διὰ</strong></span> 
     </span>
     <span class='ocr_line' id='line_1_33' title="bbox 121 4165 1399 4253; baseline 0.013 -27"><span class='ocrx_word' id='word_1_277' title='bbox 121 4167 179 4242; x_wconf 87' lang='grc' dir='ltr'><strong>τῆς</strong></span> <span class='ocrx_word' id='word_1_278' title='bbox 214 4165 297 4246; x_wconf 85' lang='grc' dir='ltr'>ὀπῆς</span> <span class='ocrx_word' id='word_1_279' title='bbox 330 4169 420 4246; x_wconf 84' lang='grc' dir='ltr'>ὑμῶν</span> <span class='ocrx_word' id='word_1_280' title='bbox 455 4168 636 4236; x_wconf 86' lang='grc' dir='ltr'>ἐπακούων.</span> <span class='ocrx_word' id='word_1_281' title='bbox 669 4173 733 4235; x_wconf 80' lang='grc'><strong>349</strong></span> <span class='ocrx_word' id='word_1_282' title='bbox 763 4174 814 4236; x_wconf 85' lang='grc' dir='ltr'><strong>διὰ</strong></span> <span class='ocrx_word' id='word_1_283' title='bbox 837 4176 904 4237; x_wconf 74' lang='grc' dir='ltr'><strong>τῶν</strong></span> <span class='ocrx_word' id='word_1_284' title='bbox 926 4173 1299 4253; x_wconf 63' lang='grc' dir='ltr'>σανίδων-περιελθών,</span> <span class='ocrx_word' id='word_1_285' title='bbox 1325 4175 1346 4239; x_wconf 89' lang='lat' dir='ltr'><strong>i.</strong></span> <span class='ocrx_word' id='word_1_286' title='bbox 1372 4197 1399 4242; x_wconf 86' lang='lat' dir='ltr'><strong>e.</strong></span> 
     </span>
     <span class='ocr_line' id='line_1_34' title="bbox 123 4272 1400 4363; baseline 0.009 -27"><span class='ocrx_word' id='word_1_287' title='bbox 123 4273 189 4336; x_wconf 83' lang='grc' dir='ltr'><strong>τῶν</strong></span> <span class='ocrx_word' id='word_1_288' title='bbox 211 4274 416 4352; x_wconf 85' lang='grc' dir='ltr'>δρυφάκτων,</span> <span class='ocrx_word' id='word_1_289' title='bbox 439 4281 477 4340; x_wconf 89' lang='lat' dir='ltr'><strong>ut</strong></span> <span class='ocrx_word' id='word_1_290' title='bbox 512 4272 614 4343; x_wconf 89' lang='lat' dir='ltr'><strong>schol.</strong></span> <span class='ocrx_word' id='word_1_291' title='bbox 639 4276 888 4358; x_wconf 76' lang='lat' dir='ltr'><strong>intorpretatur,</strong></span> <span class='ocrx_word' id='word_1_292' title='bbox 912 4277 952 4342; x_wconf 84' lang='lat' dir='ltr'><strong>ds</strong></span> <span class='ocrx_word' id='word_1_293' title='bbox 980 4295 1047 4361; x_wconf 89' lang='lat' dir='ltr'><strong>quo</strong></span> <span class='ocrx_word' id='word_1_294' title='bbox 1069 4297 1099 4344; x_wconf 88' lang='grc' dir='ltr'><strong>ν.</strong></span> <span class='ocrx_word' id='word_1_295' title='bbox 1121 4277 1270 4345; x_wconf 88' lang='lat' dir='ltr'><strong>Richteri</strong></span> <span class='ocrx_word' id='word_1_296' title='bbox 1293 4280 1400 4363; x_wconf 85' lang='lat' dir='ltr'><strong>prole·</strong></span> 
     </span>
     <span class='ocr_line' id='line_1_35' title="bbox 120 4378 1399 4473; baseline 0.009 -31"><span class='ocrx_word' id='word_1_297' title='bbox 120 4392 208 4458; x_wconf 82' lang='lat' dir='ltr'><strong>gom.</strong></span> <span class='ocrx_word' id='word_1_298' title='bbox 228 4378 269 4443; x_wconf 82' lang='lat' dir='ltr'><strong>ad</strong></span> <span class='ocrx_word' id='word_1_299' title='bbox 293 4379 392 4461; x_wconf 79' lang='lat' dir='ltr'><strong>Vesp.</strong></span> <span class='ocrx_word' id='word_1_300' title='bbox 415 4400 447 4463; x_wconf 89' lang='lat' dir='ltr'><strong>p.</strong></span> <span class='ocrx_word' id='word_1_301' title='bbox 476 4382 661 4448; x_wconf 77' lang='grc'>122-379</span> <span class='ocrx_word' id='word_1_302' title='bbox 688 4385 810 4463; x_wconf 84' lang='grc' dir='ltr'>ἐξάψας</span> <span class='ocrx_word' id='word_1_303' title='bbox 842 4387 894 4450; x_wconf 86' lang='grc' dir='ltr'><strong>διὰ</strong></span> <span class='ocrx_word' id='word_1_304' title='bbox 927 4389 985 4464; x_wconf 80' lang='grc' dir='ltr'><strong>τῆς</strong></span> <span class='ocrx_word' id='word_1_305' title='bbox 1015 4387 1144 4465; x_wconf 87' lang='grc' dir='ltr'>θυρίδος</span> <span class='ocrx_word' id='word_1_306' title='bbox 1167 4389 1205 4452; x_wconf 88' lang='grc' dir='ltr'><strong>τὸ</strong></span> <span class='ocrx_word' id='word_1_307' title='bbox 1229 4392 1399 4473; x_wconf 62' lang='lat' dir='ltr'><strong>catholon,</strong></span> 
     </span>
     <span class='ocr_line' id='line_1_36' title="bbox 122 4485 1399 4574; baseline 0.011 -27"><span class='ocrx_word' id='word_1_308' title='bbox 122 4485 212 4564; x_wconf 88' lang='lat' dir='ltr'><strong>quod</strong></span> <span class='ocrx_word' id='word_1_309' title='bbox 234 4503 408 4568; x_wconf 76' lang='grc' dir='ltr'>ρονρονπω</span> <span class='ocrx_word' id='word_1_310' title='bbox 433 4487 620 4554; x_wconf 84' lang='lat' dir='ltr'><strong>Brunckins</strong></span> <span class='ocrx_word' id='word_1_311' title='bbox 644 4491 745 4556; x_wconf 77' lang='lat' dir='ltr'><strong>vortit</strong></span> <span class='ocrx_word' id='word_1_312' title='bbox 761 4489 890 4573; x_wconf 79' lang='lat' dir='ltr'><strong>„funem</strong></span> <span class='ocrx_word' id='word_1_313' title='bbox 907 4495 1019 4574; x_wconf 77' lang='lat' dir='ltr'><strong>apuu</strong></span> <span class='ocrx_word' id='word_1_314' title='bbox 1044 4495 1089 4556; x_wconf 79' lang='lat' dir='ltr'><strong>od</strong></span> <span class='ocrx_word' id='word_1_315' title='bbox 1112 4495 1323 4559; x_wconf 83' lang='lat' dir='ltr'><strong>toncstrom“:</strong></span> <span class='ocrx_word' id='word_1_316' title='bbox 1336 4493 1399 4561; x_wconf 87' lang='lat' dir='ltr'><strong>hoo</strong></span> 
     </span>
     <span class='ocr_line' id='line_1_37' title="bbox 123 4590 708 4678; baseline 0.015 -25"><span class='ocrx_word' id='word_1_317' title='bbox 123 4590 211 4656; x_wconf 83' lang='lat' dir='ltr'><strong>eninr</strong></span> <span class='ocrx_word' id='word_1_318' title='bbox 236 4599 328 4660; x_wconf 75' lang='lat' dir='ltr'><strong>essct</strong></span> <span class='ocrx_word' id='word_1_319' title='bbox 351 4596 386 4658; x_wconf 86' lang='grc' dir='ltr'><strong>ἐκ</strong></span> <span class='ocrx_word' id='word_1_320' title='bbox 409 4595 475 4674; x_wconf 84' lang='lat' dir='ltr'><strong>(vel</strong></span> <span class='ocrx_word' id='word_1_321' title='bbox 500 4594 579 4678; x_wconf 82' lang='grc' dir='ltr'>ἀπὸ)</span> <span class='ocrx_word' id='word_1_322' title='bbox 602 4603 660 4676; x_wconf 80' lang='grc' dir='ltr'><strong>τῆς</strong></span> <span class='ocrx_word' id='word_1_323' title='bbox 678 4603 708 4662; x_wconf 88' lang='grc' dir='ltr'><strong>θ.</strong></span> 
     </span>
    </p>
   </div>
   <div class='ocr_carea' id='block_1_11' title="bbox 0 0 1654 5368">
    <p class='ocr_par' dir='ltr' id='par_1_15' title="bbox 0 0 1654 5368">
     <span class='ocr_line' id='line_1_38' title="bbox 0 0 1654 5368; baseline 0 0"><span class='ocrx_word' id='word_1_324' title='bbox 0 0 1654 5368; x_wconf 95' lang='lat' dir='ltr'><strong> </strong></span> 
     </span>
    </p>
   </div>
  </div>
 </body>
</html>
