3328 5370
888 523 1055 583 ,68-

339 688 496 770 stragulis
520 688 631 762 lecti“;
662 688 696 752 L.
724 694 786 752 576
812 689 846 752 ἐκ
869 693 925 765 τῆς
949 690 1074 766 πόλεως
1107 690 1300 768 ἐκραβδίζειν
1326 687 1447 767 „virgis
1485 702 1611 750 caesum

340 797 524 877 expellere“
552 794 608 876 (cl.
633 794 765 860 Bachm.
790 814 822 876 p.
849 797 911 876 77).

382 902 420 964 R.
449 903 532 966 1238
556 908 590 965 et
617 905 698 964 1240
723 901 908 982 (Euripidis
932 919 1048 966 versus
1073 905 1163 980 suut)
1188 905 1223 968 ἐκ
1245 909 1304 981 γῆς
1339 907 1448 981 λαβὼν
1484 899 1609 978 σταχύν.

383 1011 519 1084 ἑκκλη
535 1010 616 1072 oio:
643 1007 698 1072 Ec.
727 1011 789 1072 378
814 1009 913 1072 πόθεν
937 1009 1113 1085 ἥκεις-ἐξ
1137 1011 1316 1087 ἐκκλησίας.
1351 1012 1412 1072 501
1440 1011 1611 1087 χωροῦσαν

338 1115 370 1181 ἐξ
394 1115 575 1191 ἑκκκησίας.
602 1115 666 1176 548
692 1113 733 1177 ὃν
757 1103 926 1196 (inopus
950 1114 1054 1194 ἑκτέα)
1078 1119 1158 1193 χρῆν
1183 1115 1229 1192 ἔμ’
1253 1117 1284 1179 ἐξ
1310 1114 1479 1190 ἐκκλησίας
1498 1114 1610 1188 λαβεῖν,

337 1221 393 1285 ubi
416 1227 525 1285 tamen
551 1223 582 1285 ἑξ
607 1222 689 1284 έκκλ.
713 1237 779 1284 non
803 1222 937 1301 proprio
963 1239 1060 1284 seusu
1085 1221 1209 1286 dictum
1235 1229 1295 1296 est,
1322 1221 1380 1286 sed
1403 1220 1452 1304 „si
1470 1218 1610 1283 contioni

337 1327 582 1392 interfuissem“
609 1328 706 1390 valet.

381 1433 598 1512 ούρανόςε
623 1433 657 1496 P.
685 1437 746 1498 847
772 1434 806 1497 ἐκ
830 1436 989 1511 τούρανοῦ
1015 1436 1148 1513 (ἔλαβον
1171 1435 1313 1513 ταύτας).

381 1542 559 1619 πατρίςε
585 1541 642 1603 Αν.
668 1541 708 1604 35
734 1537 921 1618 ἀνεπτόρεθ’
946 1543 981 1604 ἐκ
1000 1546 1057 1618 τῆς
1081 1565 1112 1606 π.
1161 1568 1166 1584 ·

380 1649 433 1713 πό
449 1654 528 1726 λιςε
554 1647 592 1711 Α.
618 1651 681 1710 506
707 1649 829 1712 ἐκτῶν
852 1671 884 1712 π.
910 1648 939 1711 οἱ
963 1649 1115 1728 ξύμμαχοι
1140 1649 1315 1732 (ἥκουσιν).
1344 1653 1407 1712 843
1434 1650 1561 1712 ἐκτῶν
1584 1667 1609 1706 π.

336 1757 393 1819 τὸν
422 1756 762 1833 φόρον-ἀπάγοντες.
864 1779 867 1786 ’

380 1861 419 1924 Ε.
446 1865 508 1924 796
533 1865 591 1939 τὰς
613 1864 788 1940 πρεσβείας
815 1861 1001 1938 ἀπελαύνεις
1026 1861 1060 1924 ὲκ
1077 1867 1133 1939 τῆς
1149 1885 1181 1926 π.
1204 1865 1287 1925 1098
1306 1866 1339 1926 ἐκ
1355 1864 1481 1939 πόλεως
1497 1863 1604 1925 ἐλθεῖν.

380 1968 417 2032 V.
443 1971 506 2031 925
532 1970 654 2034 ἐκτῶν
677 1992 709 2033 π.
734 1971 770 2033 τὸ
796 1973 909 2044 σκῖρον
934 1968 1129 2043 ἐξεδήδοκεν.

343 2085 347 2090 ’
378 2075 414 2142 L.
440 2079 501 2139 575
527 2077 562 2139 ἐκ
584 2081 641 2153 τῆς
664 2076 937 2152 π.-έκραβδίῑειν
960 2078 1036 2150 τούς
1061 2079 1252 2155 μοχθηρούς.

379 2184 590 2261 φελλεύςε
616 2184 653 2246 Α.
677 2187 739 2246 273
766 2184 1093 2259 κλέπτουσαν-τήν
1124 2187 1359 2263 Στρυμοδώρου
1396 2185 1545 2265 Θρᾷτταν
1577 2179 1601 2240 ὲκ

334 2293 391 2352 τού
416 2291 570 2367 φελλέως.
595 2289 775 2354 Muellerus
801 2296 835 2353 et
860 2288 1053 2370 Blaydesius
1077 2297 1245 2368 postrema
1278 2289 1377 2352 verba
1401 2295 1510 2352 vetant
1537 2301 1598 2349 cun

335 2398 536 2459 κλέπτουσαν
562 2397 724 2477 coniungi,
750 2399 807 2461 seo
833 2416 904 2460 cum
930 2398 989 2473 τὴν
1013 2398 1046 2457 Σ.
1072 2395 1120 2468 (a,
1153 2397 1237 2477 quod
1275 2415 1338 2476 qua
1373 2399 1501 2460 ratione
1540 2389 1599 2455 fieri

333 2501 450 2583 possit,
474 2519 538 2564 non
564 2501 750 2566 mehercule
776 2503 942 2583 intellego.
961 2503 1108 2566 Primum
1128 2503 1213 2566 enim
1231 2502 1408 2566 articulum
1425 2519 1490 2566 non
1513 2515 1596 2578 repe·
1628 2573 1629 2580 ἵ

333 2610 431 2672 titum
455 2615 530 2672 ante
555 2609 588 2672 ὲκ
611 2613 667 2672 τοῦ
694 2612 838 2687 φελλέως
854 2609 904 2691 (ci.
919 2608 977 2673 Kr.
992 2607 1018 2692 Ι,
1035 2615 1084 2688 δύ,
1100 2613 1128 2685 8,
1148 2610 1181 2690 9)
1202 2627 1266 2673 non
1288 2610 1391 2690 magis
1408 2609 1485 2682 fero,
1510 2621 1597 2688 quau

333 2716 367 2780 in
391 2717 427 2783 A.
455 2720 528 2778 412.
548 2717 621 2792 636,
640 2713 675 2778 L.
693 2719 755 2778 8115
775 2716 922 2798 (Racbm.
940 2735 970 2796 p.
992 2717 1058 2798 24)Ὶ
1076 2715 1132 2779 Th.
1152 2720 1215 2779 558
1235 2715 1383 2794 (Bachm.
1410 2733 1440 2796 p.
1468 2717 1534 2796 88),
1560 2709 1596 2773 Pl.

334 2827 397 2888 843
424 2823 536 2903 (Mein.
562 2823 656 2886 Vinci.
680 2843 710 2902 p.
738 2826 827 2900 216);
854 2822 892 2886 cf.
920 2823 1101 2887 Anaxandr.
1128 2822 1186 2898 ΙΙΙ,
1225 2825 1288 2885 174
1312 2826 1370 2899 τὴν
1395 2824 1430 2886 ἐκ
1455 2823 1597 2898 Κορίνθου
1627 2825 1628 2828 ’

333 2927 423 2994 Λαΐδ’
448 2931 555 2993 οίσθα.
585 2929 716 3005 Deinde,
741 2931 877 3008 φελλεύς
901 2949 965 2994 non
989 2937 1040 2994 est
1064 2948 1181 2994 nomen
1205 2931 1389 3011 proprium,
1414 2935 1451 2993 ut
1472 2923 1596 2992 bluelle·
1626 2999 1627 3016 ἶ

332 3055 389 3100 rus
414 3042 517 3115 putat,
542 3035 707 3100 Lealreum
732 3043 877 3114 secutus,
902 3039 959 3100 sed
985 3037 1122 3118 quilibet
1146 3039 1239 3101 locus
1265 3053 1403 3100 saxosus
1428 3037 1475 3100 ita
1497 3029 1596 3114 appel·
1626 3017 1627 3024 '

332 3144 471 3207 labatur:
497 3140 536 3206 cf.
562 3143 721 3222 Harpocr.
746 3163 776 3224 ρ.
807 3135 921 3226 181,“9
946 3147 984 3208 τὰ
1007 3147 1157 3220 πετρώδη
1182 3148 1233 3207 καί
1258 3145 1400 3221 αἰγίβοτα
1417 3144 1515 3223 χωρία
1529 3143 1595 3218 φελ·

333 3251 407 3326 λέας
432 3250 575 3313 ἐκάλουν.
601 3249 649 3313 De
671 3249 732 3312 hac
754 3269 790 3314 re
815 3268 934 3330 operae
960 3251 1102 3330 pretium
1128 3255 1179 3312 est
1214 3251 1334 3326 lesere,
1367 3268 1450 3331 quae
1486 3248 1594 3313 Soboe·
1626 3261 1627 3299 ι

331 3375 470 3420 marmus
494 3376 525 3437 p.
552 3360 591 3419 12
616 3358 793 3421 annotavit:
818 3375 954 3437 „omnes
980 3374 1038 3420 eos
1064 3355 1167 3434 locos,
1194 3355 1312 3436 quibus
1350 3353 1424 3420 freti
1461 3350 1593 3420 nonnulli

331 3461 499 3527 Phelleum
526 3471 636 3528 certae
661 3465 830 3528 cuiusdam
856 3462 999 3544 regionis
1024 3464 1192 3544 proprium
1219 3473 1336 3526 nomen
1373 3464 1475 3527 luisse
1500 3459 1593 3526 cren-

331 3571 460 3650 derunt,
484 3572 583 3634 etiam
609 3571 769 3635 diversam
795 3571 1103 3651 interpretationem
1122 3571 1303 3644 admittere,
1322 3574 1355 3633 et
1371 3567 1592 3650 appellativum
1625 3577 1626 3616 1

331 3678 440 3758 potius
465 3678 497 3741 ici
521 3696 639 3741 nomen
662 3679 765 3742 fuisse
790 3697 829 3742 ex
853 3678 904 3754 iis,
930 3697 1012 3759 quae
1039 3679 1116 3742 olim
1146 3697 1163 3740 a
1189 3697 1240 3741 me
1265 3677 1306 3740 ad
1329 3677 1461 3742 Isaeum
1487 3696 1514 3758 p,
1538 3677 1591 3736 4011

331 3785 500 3867 proposita
525 3793 609 3860 sunt,
636 3787 718 3849 satis
743 3785 868 3866 liquido
893 3789 1088 3865 apparere“.
1124 3784 1217 3860 Quor!
1242 3787 1269 3848 si
1295 3787 1341 3847 ita
1363 3791 1424 3858 est,
1448 3783 1544 3848 verba
1566 3782 1594 3839 ἐκ

329 3897 386 3958 τοῦ
412 3915 447 3972 φ.
473 3893 610 3955 ancillae
636 3893 829 3958 attributum
855 3911 928 3957 esse
954 3893 1020 3957 uon
1057 3898 1207 3974 possunt,
1243 3892 1440 3972 praesertim
1475 3907 1542 3956 cum
1566 3887 1591 3945 iu

329 3999 452 4066 talibus
476 3999 561 4063 locis
583 4000 746 4063 nemiuem
770 3999 938 4064 habitasse
963 3999 1131 4080 probabile
1157 3999 1209 4074 site
1237 4007 1364 4073 contra,
1404 4000 1493 4081 ligna
1525 3991 1590 4059 indc

328 4107 469 4172 furatam
495 4124 568 4172 esse
593 4107 743 4172 ancillam
769 4108 822 4172 vel
844 4107 1013 4185 ύληφόρος
1038 4105 1145 4171 (locet.
1170 4107 1286 4171 Obiter
1303 4106 1422 4171 notabo
1439 4097 1589 4186 Blaydesii

207 4197 210 4202 ⁵
330 4213 593 4288 inconstantiam,
619 4213 675 4293 qui
700 4214 733 4276 in
756 4217 848 4276 textu
872 4232 902 4274 ν.
938 4212 1075 4289 φελλεύς
1110 4212 1225 4292 prandi
1262 4212 1373 4274 littera
1410 4210 1529 4282 scribit,
1562 4204 1588 4264 iss

327 4319 722 4410 annotatione-minuta.

372 4427 409 4494 N.
436 4431 473 4488 71
503 4425 684 4503 ὅταν-τὰς
708 4425 802 4501 αἶγας
826 4426 860 4488 ἐκ
883 4426 940 4487 τού
965 4427 1110 4503 φελλέως
1134 4424 1313 4506 (ἐλαύνῃς).

371 4535 555 4612 χωρίοω
580 4533 617 4597 N.
647 4535 729 4594 1123
755 4534 926 4610 λαμβάνων
950 4528 1017 4595 οὔτ’
1042 4532 1133 4596 οίνον
1157 4530 1224 4595 οὔτ’
1250 4530 1319 4595 ἄλλ’
1345 4531 1442 4595 οὐδὲν
1475 4531 1508 4595 ἐκ
1538 4521 1583 4587 τοῦ

325 4663 353 4720 χ.
383 4659 419 4721 „e
442 4641 583 4706 t'uudo“.⁴
