3328 5370
723 521 907 580 -15--

169 687 242 751 iure
266 705 284 750 a
310 685 436 772 criticis
458 685 614 750 restituta
638 691 700 766 est,
724 685 919 766 praesertim
956 703 1029 750 oum
1060 686 1171 751 nullus
1194 686 1331 750 omnino·
1348 685 1442 750 loeus

168 793 365 869 inveniatur,
390 791 445 857 ubi
480 797 586 857 metro
621 793 813 874 repudietur
843 791 899 875 (oi.
924 791 1029 858 Kock.
1054 793 1096 858 ad
1118 791 1156 858 N.
1182 795 1382 872 591).-394
1407 793 1443 856 ἐν

167 901 251 984 ξύλῳ
275 901 391 977 δήσας.
418 901 479 961 705
515 899 551 963 ἐν
582 905 627 982 τῷ
663 899 746 985 ξύλῳ
782 901 874 977 δήσω
898 916 947 964 σε.
974 903 1059 965 1049
1083 903 1260 978 δῆσαι-ἐν
1288 915 1444 966 πεντεσυ-

170 1008 267 1089 ρίγγῳ
283 1005 378 1088 ξύλῳ.

214 1112 253 1176 N.
277 1116 339 1176 592
365 1110 432 1193 (ἢν)
456 1113 622 1191 φιμώσητε
651 1112 767 1177 τούτου
791 1112 817 1176 ’ν
839 1119 884 1195 τῷ
917 1114 1000 1197 ξύλῳ
1031 1115 1088 1179 τὸν
1112 1113 1242 1194 αὐχένα.
1266 1111 1312 1175 V.
1333 1111 1444 1176 Kaeh·

172 1221 234 1286 leri
258 1239 329 1284 ann.

215 1329 357 1392 πέδαις
381 1323 419 1392 V.
444 1326 510 1387 435
533 1325 568 1390 ἐν
590 1327 702 1403 πέδαις
725 1327 868 1406 παχείαις
891 1327 986 1392 οὐδὲν
1011 1329 1210 1406 ἀριστήσετε,
1224 1327 1280 1392 ubi
1303 1326 1442 1392 verbum

172 1430 413 1514 constringendi
438 1436 547 1496 mente
572 1432 792 1513 supplendum
817 1445 880 1499 est.

216 1542 360 1617 σανίςτ
385 1536 443 1602 uh.
465 1541 526 1602 931
554 1542 659 1616 δῆσον
683 1539 783 1605 αὐτὸν
806 1541 842 1604 ἐν
864 1547 900 1622 m]
926 1555 958 1605 σ.
984 1545 1069 1608 1165
1094 1543 1153 1608 σύν
1175 1547 1212 1623 ιι]
1237 1558 1270 1610 σ.

216 1646 250 1729 g)
272 1646 413 1711 Restant
445 1644 572 1725 aliquot
609 1646 757 1727 exempla
789 1647 968 1726 nominum,
998 1667 1082 1730 quae
1114 1651 1155 1714 ad
1179 1648 1302 1714 nullum
1328 1663 1443 1712 eorum

172 1756 330 1834 locorum,
353 1751 388 1816 in
411 1767 495 1833 quus
519 1748 691 1816 materiam
729 1758 874 1818 nostram
898 1753 1080 1834 divisimus,
1104 1755 1299 1836 pertineant,
1325 1754 1384 1819 sed
1409 1754 1445 1818 in

173 1861 293 1944 quibus
315 1859 366 1924 vis
388 1857 647 1939 praepositionis
672 1859 856 1925 eademi
810 1861 865 1925 sit.

218 1968 400 2044 ἀγκάληε
423 1964 462 2028 R.
488 1967 551 2027 704
588 1968 646 2044 τὴν
679 1965 771 2032 πόλιν
806 1967 938 2046 ἔχοντες
971 1970 1119 2046 κυμάτων
1153 1968 1188 2032 ἓν
1212 1969 1363 2044 ἀγκάλαις
1386 1965 1442 2046 „in

174 2073 330 2157 amplexu
352 2067 542 2136 11ιω1ιιιιιιι1.

219 2183 340 2246 ἀλέαι
362 2179 420 2244 Ec.
445 2184 506 2243 541
535 2180 570 2244 ἐν
593 2181 671 2262 ἀλέᾳ
694 2182 919 2260 κατακείμενον
941 2184 992 2246 καλ
1019 2183 1219 2263 στρώμασιν.

218 2289 340 2366 άλμητ
366 2287 422 2351 Fr.
448 2288 512 2348 416
537 2287 572 2350 ἐν
596 2286 678 2369 ἅλμῃ
702 2287 883 2367 ἀπεβάφθη.

218 2393 465 2476 (βόρβορος
489 2393 560 2454 καὶ
582 2391 731 2474 σκῶρ);
755 2391 792 2454 R.
819 2398 880 2458 146
904 2393 1086 2476 ὲν*τούτῳ
1111 2393 1285 2470 κειμένους.

218 2502 327 2582 κλάδ
342 2519 401 2578 οςε
424 2500 461 2564 L.
487 2501 550 2563 632
575 2501 718 2579 φορήσω
741 2503 778 2565 τὸ
800 2502 973 2581 ξίφος-ὲν
988 2502 1107 2579 μύρτου
1132 2502 1232 2564 κλαδί.

219 2607 456 2687 μυττωτόςι
480 2605 519 2669 E.
544 2610 604 2668 111
621 2610 885 2695 κατακνησθείην
909 2611 945 2674 ἐν
965 2614 1127 2692 μυττωτῷ.

220 2713 354 2789 τάξιςι
380 2712 417 2775 Α.
442 2713 505 2774 θθθ
530 2711 619 2788 δρῶν
641 2714 945 2792 πολιούς-ἀνδρας
969 2713 1003 2778 ἐν
1018 2717 1088 2790 ταῖς
1111 2735 1138 2781 τ.

222 2822 420 2885 τεῦτλοντ
444 2817 481 2880 Ρ.
508 2823 594 2884 1014
617 2824 673 2898 τάς
700 2821 735 2884 ὲν
757 2820 914 2887 τεύτλοισι
936 2822 1160 2900 λοχευομένας.

221 2924 255 3009 h)
276 2925 321 3001 Id,
345 2925 379 2989 in
403 2941 466 3005 quo
490 2923 616 3004 aliquid
640 2927 765 2991 estvel
788 2923 835 3006 fit,
858 2933 1063 3009 potestesse
1096 2928 1196 2991 etiam
1219 2941 1336 3005 eorpus
1360 2922 1449 2988 eius-

177 3047 238 3110 que
262 3034 372 3110 partes
397 3033 495 3110 atque
520 3028 669 3091 animos.

218 3137 540 3213 ἀντικνήμιονε
564 3134 602 3198 Ε.
628 3138 691 3198 901
715 3137 773 3201 τάν
795 3141 899 3202 τοῖσιν
927 3139 957 3203 ἀ.
971 3139 1128 3216 ἑλκύδρια

219 3243 405 3322 άρθρονι
429 3243 467 3305 V.
495 3245 580 3305 1494
605 3242 640 3308 ἐν
664 3243 795 3321 ἄρθροις
826 3247 895 3321 τοῖς
922 3244 1086 3321 ἡμετέροις
1119 3245 1290 3322 στρέφεται
1324 3244 1450 3322 χαλαρὰ

177 3353 369 3429 κοτυληδών.
1468 3349 1471 3362 ’

219 3458 400 3534 γνάθος.
424 3455 476 3520 Fr.
502 3460 532 3533 3,
560 3455 641 3534 Ιῆν
667 3457 702 3521 ὲν
724 3462 761 3538 τῇ
785 3458 894 3542 γνάθῳ
918 3459 1086 3536 διώβολον.

220 3564 406 3642 κεφαλήι
422 3563 481 3626 Αν.
510 3565 574 3626 475
598 3565 656 3628 τὸν
678 3562 787 3641 πατέρ’
810 3567 908 3642 αὐτῆς
939 3567 975 3631 ἐν
996 3570 1033 3647 τῇ
1059 3587 1086 3632 κ.
1112 3565 1291 3642 κατορύξαι.

219 3669 506 3751 Εα.119θεντῇ
533 3670 730 3749 κ.-ὲμμένει
765 3673 868 3736 πολύν
904 3673 1025 3751 χρόνον
1063 3677 1122 3754 (so.
1146 3674 1186 3737 τὰ
1219 3671 1321 3736 Θάσι’
1343 3671 1450 3751 ἀμφο-

178 3775 299 3858 ρείδια).

221 3883 369 3963 ἀφθαλ
383 3881 474 3959 μ6ς;
501 3879 534 3944 V.
559 3887 624 3948 441
648 3884 879 3962 τούτοις-οὐκ
893 3886 937 3950 ἔνι
954 3885 1028 3949 οὐδ’
1052 3884 1086 3948 ὲν
1101 3884 1320 3963 ὀφθαλμοῖσιν
1338 3884 1450 3960 αἰδώς.

178 3988 225 4054 Gi.
248 3987 372 4070 Reisig.
398 3985 491 4053 Coni.
515 4007 547 4068 p.
571 3993 646 4055 249.

222 4096 380 4174 στόμα
404 4095 443 4159 Α.
472 4095 534 4157 199
560 4096 618 4158 κάν
640 4103 685 4180 τῷ
710 4113 759 4162 στ.
783 4098 921 4172 λέγουσι,
946 4112 1041 4177 quem
1068 4096 1176 4159 locum
1194 4096 1276 4160 bane
1294 4095 1451 4176 explana-

178 4201 225 4266 vit
246 4201 492 4268 Schoemannus
514 4219 545 4282 p.
573 4205 623 4264 10:
648 4204 729 4284 ,κάν
752 4209 796 4286 τῷ
821 4204 952 4281 στόματι
976 4205 1115 4278 λέγουσι,
1132 4200 1252 4284 1ιιιγιι11,
1271 4219 1389 4267 uereor
1408 4219 1449 4268 ue

178 4307 276 4372 aliter
310 4303 537 4390 accipiendum
573 4307 626 4384 sit,
662 4327 758 4391 quam
792 4308 831 4372 ab
870 4307 1119 4391 interpretibus,
1143 4308 1170 4373 si
1198 4327 1262 4374 non
1286 4309 1446 4389 omnibus,

179 4414 345 4496 plerisque
369 4421 491 4486 tamon.
516 4420 690 4496 acceptum
714 4422 774 4480 est.
800 4414 902 4497 Vulgo
928 4415 1017 4480 enim
1042 4433 1078 4478 oo
1101 4413 1308 4478 indutiarum
1321 4409 1450 4493 signifi-

181 4519 250 4586 uari
270 4525 397 4602 putant,
422 4519 457 4585 ἐν
490 4527 535 4604 τῷ
571 4537 618 4586 στ.
644 4521 745 4597 λέγειν
770 4523 884 4585 eodem
925 4539 1023 4586 sensu
1048 4537 1111 4602 quo
1135 4520 1258 4603 absque
1281 4519 1451 4601 praeposi-

180 4625 268 4692 tione
290 4633 335 4710 τῷ
359 4641 408 4692 στ.
434 4627 536 4701 λέγειν
561 4625 626 4691 diei
652 4626 803 4705 potuisse
827 4627 902 4703 rati,
920 4631 954 4690 et
970 4626 1079 4690 dativo
1095 4624 1337 4690 iustrumentuli
1359 4624 1451 4689 addi·
