3326 5372
795 515 838 524 -—
863 479 925 542 212
950 514 993 525 -

307 649 343 714 L.
369 653 410 714 26
435 645 501 716 ἄλλ’
528 649 614 714 ἔστιν
649 643 701 712 ὑπ’
738 648 815 726 ἐμοῦ
844 642 960 726 πρᾶγμ’
986 645 1228 724 ἀνεζητημένον.
1254 647 1317 710 325
1345 647 1419 723 πρὶν
1444 645 1545 724 ἐμπεν-
1641 629 1642 662 1

261 762 402 836 πρῆσθαι
427 755 571 834 Καλύκην
594 777 627 820 τε
652 757 702 820 καὶ
726 755 1006 831 Κρίτυλλαν-ὑπό
1029 774 1062 818 τε
1082 754 1191 832 νόμων
1226 753 1393 832 ἀργαλέων
1417 753 1480 818 ὑπό
1502 771 1535 816 τε

262 865 426 942 γερόντων
450 862 603 940 ὀλέθρων.
628 865 691 926 423
717 862 779 927 ὑπὸ
802 865 867 924 τῶν
902 864 1059 938 γυναικῶν
1082 860 1297 942 ἀποκέκλῃμαι
1320 863 1389 937 ταῖς
1411 858 1535 934 πύλαις.

263 974 325 1035 655
360 964 416 1048 ὑφ’
452 969 541 1048 ῦμῦιν
564 974 758 1047 διαλυθῆναι.
795 969 859 1031 730
883 969 946 1034 ὑπὸ
969 971 1034 1032 τιῦν
1063 967 1150 1033 σέων
1174 967 1448 1044 κατακοπτόμενα.
1473 967 1535 1028 871,

263 1075 314 1143 ὑπ’
337 1077 414 1156 ἐμοῦ
439 1080 611 1156 φιλεῖσθαι.
640 1078 703 1140 897
727 1080 785 1152 τῆς
808 1075 926 1154 κρόκης
960 1075 1168 1154 φορουμένης
1191 1074 1256 1143 ὑπὸ
1278 1078 1343 1138 τῶν
1367 1073 1538 1150 ἀλεκτρυό-

262 1205 339 1249 νων.
368 1183 452 1248 1008
476 1184 562 1248 τουτὶ
584 1183 621 1247 τὸ
645 1182 1078 1262 πρᾶγμα-ξυνομώμοται
1063 1183 1127 1246 υπὸ
1151 1185 1216 1247 τῶν
1239 1186 1409 1256 γυναικῶν.

306 1289 364 1354 Th.
390 1292 453 1353 386
477 1289 901 1368 προπηλακιζομένας-»ὑπό
927 1289 1111 1366 Εὐριπίδου.
1144 1292 1205 1406 491
1231 1287 1295 1353 ὑπό
1318 1291 1383 1354 τῶν
1410 1285 1540 1350 δούλων

261 1420 295 1464 τε
321 1397 543 1475 κώρεωκόμων
566 1396 785 1474 σποδούμεθα.

305 1504 342 1568 Β.
369 1504 448 1568 29<
435 1525 480 1582 οφ
483 1501 624 1578 ’ἑτέρου
649 1504 750 1582 φέρει.
776 1507 837 1568 921
865 1503 1134 1582 ἐφενακιζόμην“
1120 1501 1171 1579 un?
1197 1501 1306 1566 αὐτοῦ.

305 1609 365 1676 Ec.
393 1614 475 1673 1055
501 1610 672 1688 ἑλκόμενον
695 1612 758 1676 ὑπὸ
787 1615 897 1690 τῆσδε.
1012 1679 1014 1686 ,

304 1718 356 1782 Fr.
385 1716 435 1792 10,
461 1719 479 1778 5
504 1712 741 1795 λαμβανόμεσο’
765 1716 819 1782 ὑπ’
844 1716 961 1782 αὐτῶν.
994 1733 996 1740 ’

306 1824 340 1901 δ)
365 1821 431 1888 Ubi
460 1820 623 1886 inanimis
648 1821 837 1904 adiungitur
869 1823 1080 1904 praepositio,
1105 1823 1167 1888 hoc
1191 1821 1320 1886 dicendi
1343 1838 1450 1902 genus
1475 1835 1541 1884 nou

263 1930 403 1996 multum
428 1929 557 1994 videtur
581 1947 600 1991 a
625 1928 767 2010 simplici
788 1929 897 1994 dativo
921 1928 1062 1995 differre:
1085 1929 1149 1994 hoc
1170 1929 1257 1994 enim
1280 1928 1538 1992 instrumentum

264 2038 426 2120 designat,
451 2034 532 2100 illud
554 2035 696 2117 logicum
733 2036 917 2102 subiectum
948 2042 1000 2102 est
1023 2043 1121 2120 atquc
1146 2036 1269 2118 aliquid
1293 2053 1390 2118 cgere
1416 2035 1538 2099 dicitur

264 2147 370 2210 instar
404 2142 546 2208 hominis
582 2141 718 2207 arbitrio
752 2144 890 2224 agentis.
915 2143 1039 2210 Eadem
1064 2144 1250 2210 conditione
1273 2143 1381 2208 Latini
1406 2156 1537 2223 quoque

263 2254 361 2318 rebus
386 2271 407 2313 ο
431 2249 709 2332 praepositionem
734 2250 870 2332 iungere
903 2251 1011 2316 solent
1034 2251 1087 2334 (V.
1112 2248 1217 2316 Hand.
1242 2250 1337 2318 Ture.
1361 2248 1387 2332 I,
1412 2268 1445 2330 p.
1472 2245 1541 2328 27).

261 2360 299 2423 In
324 2376 389 2440 quo
413 2357 513 2421 licent
536 2355 617 2420 mihi
639 2356 701 2422 hoc
727 2356 776 2421 uti
799 2357 955 2438 exemplo.
984 2358 1023 2422 In
1049 2358 1106 2422 Αν.
1136 2363 1216 2422 1447
1242 2356 1374 2420 dicitur:
1398 2357 1464 2422 ὑπὸ
1487 2355 1537 2420 λό-

262 2486 331 2542 γων
356 2463 374 2526 ὁ
398 2467 476 2541 νοῦς
499 2484 532 2526 τε
556 2464 772 2541 μετεωρίζεται
807 2464 966 2540 ἐπαίρεταί
990 2461 1018 2526 θ’
1043 2463 1223 2541 άνθρωποςε
1256 2464 1361 2526 active
1386 2464 1469 2528 haec
1493 2462 1540 2526 ite

264 2572 402 2637 dicenda
426 2577 532 2636 erunt:
557 2570 646 2645 λόγοι
669 2570 726 2632 τὸν
746 2572 825 2633 νοῦν
849 2590 882 2632 τε
906 2571 1130 2647 μετεωρίζουσι
1154 2570 1323 2648 ἐπαίρουσί
1346 2592 1379 2634 τε
1402 2572 1461 2635 τὸν
1485 2568 1539 2632 ὄιν1

263 2688 403 2760 θρωπον.
430 2679 523 2757 Quod
546 2682 655 2749 autem
682 2675 802 2742 ibidem
827 2676 861 2748 in
886 2694 984 2741 versu
1012 2681 1095 2741 1438
1113 2678 1235 2742 dictum
1259 2684 1320 2744 est:
1336 2679 1455 2756 πάντες
1470 2679 1539 2753 τοῖς

262 2787 370 2863 λόγοις
393 2786 652 2861 ἀναπτεροῦνται,
667 2781 764 2848 huius
790 2782 971 2847 sententiae
985 2783 1093 2846 activa
1115 2783 1221 2846 forme
1238 2783 1310 2847 erit:
1329 2784 1454 2860 πάντας
1470 2784 1539 2856 τοῖς

263 2895 371 2969 λόγοις
395 2892 612 2968 ἀναπτεροῦσι
636 2887 690 2971 (cf.
718 2893 801 2952 1437
826 2893 884 2954 νῦν
908 2910 956 2953 τοι
991 2892 1137 2964 λέγων
1169 2895 1274 2966 πτερῶ
1301 2893 1449 2954 <re-sut
1468 2892 1536 2962 πῶς

262 3001 301 3064 ἂν
337 3001 501 3074 λόγοις
534 2997 636 3074 ἄνδρα
671 3000 868 3075 πτερώσειας
893 2998 969 3079 σύ;.)
996 2997 1090 3074 Quod
1114 2996 1376 3062 luculentissime
1400 2999 1537 3078 apparet

263 3107 295 3170 iu
320 3105 361 3170 iis
386 3103 480 3184 locis,
493 3104 549 3168 ubi
574 3109 631 3167 ant
654 3122 708 3168 res
733 3122 805 3167 cuni
828 3104 979 3183 personis
997 3104 1189 3168 coniunctae
1207 3103 1447 3177 suntutinN.
1462 3105 1538 3166 240.

263 3217 338 3278 943.
363 3212 398 3275 L.
425 3213 498 3283 324,
527 3227 609 3292 quos
633 3209 724 3275 locos
763 3229 863 3290 supra
898 3211 1004 3289 attttuli‚
1029 3217 1162 3276 autres
1194 3210 1338 3274 inanima
1361 3209 1437 3288 παρ’
1462 3208 1536 3274 ὑπό·

262 3335 437 3398 νοιανριο
461 3315 593 3382 animali
617 3323 678 3396 est,
702 3317 794 3381 utin
820 3317 856 3380 N
885 3323 934 3381 13.
960 3317 1008 3382 Pl.
1035 3321 1120 3382 1083
1147 3318 1205 3400 (α),
1228 3324 1285 3382 aut
1320 3317 1459 3398 (lenique
1484 3331 1538 3378 res

262 3446 321 3508 pro
356 3445 405 3504 eo,
431 3426 488 3506 qni
521 3445 592 3490 eam
628 3425 784 3505 possidet,
809 3425 938 3504 poetice
974 3425 1062 3492 dicta
1092 3431 1152 3504 cst,
1177 3425 1269 3490 utin
1294 3427 1330 3494 A.
1360 3427 1454 3490 1193.
1478 3425 1536 3488 Αν.

263 3537 327 3598 456
354 3533 411 3616 (β)

308 3641 404 3725 u)N
432 3647 470 3706 13
496 3642 693 3719 δακνόμενος
728 3643 791 3704 ὑπὸ
825 3646 882 3718 τῆς
917 3643 1061 3718 δαπάνης
1096 3643 1151 3703 καὶ
1173 3647 1229 3717 τῆς
1254 3641 1377 3762 φάτνης
1401 3643 1452 3704 καὶ
1473 3642 1540 3702 τῶν

262 3756 376 3830 χρειῦν,
401 3749 458 3812 ubi
484 3747 585 3813 schol.
612 3747 731 3825 είρηται
755 3749 790 3813 δέ
814 3751 901 3824 παρὰ
925 3750 961 3813 τό
987 3750 1119 3826 κόρεων.

307 3855 356 3918 Pl
384 3855 469 3916 1083
494 3855 748 3935 διεσπλεκωμένῃ
785 3854 847 3916 ὑπό
883 3855 1002 3930 μυρίων
1034 3854 1115 3917 ἐτῶν
1138 3874 1172 3927 γε
1197 3854 1247 3915 καὶ
1270 3854 1457 3932 τρισχιλίων,
1481 3845 1534 3914 ubi

263 3965 344 4029 ἐτιῦν
369 3979 427 4042 per
451 3960 560 4025 iocum
586 3961 707 4024 dictum
733 3965 783 4025 est
805 3979 865 4041 pro
891 3962 1018 4037 ἀνδρῶν
1045 3980 1083 4040 „a
1099 3960 1258 4024 tredecim
1275 3959 1420 4023 millibus
1438 3972 1532 4022 anno·

263 4090 335 4133 rum
361 4071 433 4150 (pro
459 4067 656 4146 amatorum)
676 4067 913 4150 subegitatae“.
933 4069 971 4130 V.
988 4067 1232 4132 Heinsterhusii
1257 4085 1330 4130 ann.
1349 4064 1457 4142 Quare
1473 4079 1533 4128 non

263 4175 376 4240 ‹lebuit
398 4174 497 4238 Mein.
512 4172 619 4253 (Vind.
635 4169 716 4259 222)
738 4175 846 4238 locum
872 4173 1112 4255 lepidissimum
1137 4175 1249 4254 inepta
1267 4173 1457 4237 coniectura
1472 4169 1532 4234 sol-

264 4283 404 4348 licitare.
422 4279 593 4362 „Dubitari
609 4299 672 4347 non
689 4288 809 4362 potest,
828 4283 944 4364 inquit,
962 4280 1040 4363 quin
1067 4281 1274 4345 scribendum
1293 4280 1337 4344 sit
1351 4265 1425 4361 ἀπό,
1439 4291 1532 4343 sensu

264 4389 510 4472 simplicissimo
535 4390 685 4453 eunice
710 4389 787 4452 huic
812 4387 885 4453 loco
910 4388 1168 4466 accommodato,
1194 4387 1269 4451 oncle
1298 4409 1318 4450 ο
1345 4382 1531 4470 ίοορίοοάκο

264 4502 404 4576 tempore
427 4494 638 4577 ,ταῦαρίίοΗα
645 4493 878 4560 .Censere'o
848 4495 906 4577 igit
907 4516 947 4561 nr
971 4497 1059 4561 videt
1046 4502 1109 4576 tur
1128 4496 1191 4560 ἀπὸ
1217 4495 1475 4574 pectunculus<
1488 4512 1530 4569 τρ.

264 4603 405 4685 spatium
432 4602 629 4685 significare,
656 4603 786 4684 quod
778 4609 864 4666 mter
813 4604 955 4667 tidt
943 4613 1084 4685 t,empus
1110 4621 1173 4684 quo
1199 4601 1279 4665 mul
1269 4621 1318 4667 er
1354 4601 1530 4683 subegitnto
