3326 5372
677 465 875 528 -217-

192 623 241 690 Pl.
268 629 331 694 698
355 631 419 698 ὑπὸ
440 651 466 696 τ.
491 635 520 700 δ.
545 632 697 710 βδέουσα.

192 727 262 814 ὑφ’
285 735 461 815 ἡδονῆς
487 736 635 818 ,laetitia
657 737 797 806 elatus“:
831 737 868 803 P.
893 738 958 802 324
981 733 1037 818 ὑφ’
1062 737 1227 814 lab-ub
1251 741 1350 818 σκέλη
1375 759 1430 819 χο-

148 859 289 919 ρευετον.

192 945 242 1010 ΡΙ.
268 950 330 1014 289
356 950 510 1030 βούλομαι
533 955 687 1031 χορεῦσαι
708 948 765 1030 ’ὑφ’
780 951 831 1030 ἡδ.
851 953 913 1017 739
930 955 976 1016 τὼ
991 949 1069 1031 χεῖρ’
1087 949 1281 1031 ἀνεκρότησ’
1300 948 1356 1033 ὑφ’
1375 952 1428 1030 bb·

194 1054 277 1120 ὑπὸ
300 1060 382 1135 τῆς
405 1056 592 1137 ἡδονῆςε
617 1060 656 1124 Α.
683 1062 768 1124 1284
791 1060 1004 1126 πάντα-αὑτὸ
1031 1083 1058 1126 τ.
1082 1059 1132 1135 bb.
1155 1063 1315 1128 ποωῦσιν.

192 1159 242 1224 Pl.
266 1165 330 1228 753
355 1161 636 1234 ἐδεξιοῦνθ’-ὑπὸ
659 1187 685 1230 τ.
709 1163 760 1242 bb.

192 1267 253 1334 ὑπ’
287 1267 429 1349 ὀργῆς
463 1271 535 1352 ,ira
570 1272 759 1340 incensus“:
795 1273 836 1336 V.
873 1276 957 1340 1083
992 1271 1046 1340 ὑπ’
1077 1273 1177 1352 ὀριὴς
1209 1275 1267 1352 τὴν
1289 1275 1427 1354 χελύνην

148 1374 301 1440 ἐσθίων.ν

191 1479 229 1546 Ρ.
256 1487 319 1550 613
343 1485 435 1563 πίθος
458 1489 588 1565 πληγεὶς
611 1485 663 1552 ὑπ’
686 1486 714 1552 ὀ.
738 1486 962 1552 ἀντελάκτισεν
983 1488 1075 1572 πίθῳ.

194 1587 231 1656 L.
260 1593 342 1654 1023
366 1586 418 1658 ὑπ’
443 1590 650 1661 ὀ.-ἀττέδυν.
674 1592 737 1675 (ct.
762 1592 846 1658 infra
868 1593 922 1658 bb.
947 1594 1011 1660 ὑπὸ
1032 1599 1092 1672 τῆς
1114 1593 1143 1658 ὀ.
1169 1593 1203 1662 L.
1230 1595 1320 1674 505).

192 1695 234 1760 R.
259 1697 322 1760 855
347 1698 511 1781 κεφαλαίῳ
535 1701 592 1764 τὸν
616 1701 782 1779 κρόταφόν
805 1717 868 1766 σου
893 1700 1006 1779 ῥήματι
1034 1703 1136 1766 θενὼν
1159 1697 1212 1768 ὑπ’
1237 1699 1267 1764 ὀ.

194 1801 334 1885 Reliqua
357 1806 516 1886 exempla:

194 1908 234 1974 E.
252 1913 315 1974 515
333 1905 385 1977 ὑπ’
402 1912 514 1990 ἀνοίας
529 1915 625 1978 τοῦτο
640 1915 811 1991 πεπονθώς
830 1913 911 1995 ,hoo
927 1912 1049 1980 iaciens
1067 1915 1212 1980 amentia
1228 1913 1424 1980 adductus“.

193 2015 232 2080 V.
260 2020 321 2081 106
346 2019 409 2084 ὑπὸ
427 2021 748 2097 δυσκολίας-ἅπασι
769 2025 867 2099 τιμῶν
890 2022 948 2097 τὴν
972 2022 1105 2099 μακράν.

194 2124 229 2186 Ρ.
255 2125 297 2190 25
332 2126 396 2190 ὑπὸ
430 2127 639 2206 φρονήματος
663 2127 856 2206 βρενθύεται.
891 2133 955 2192 415
991 2131 1049 2192 τοῦ
1074 2127 1191 2195 κύκλου
1214 2129 1426 2206 παρέτρωγον

150 2231 208 2311 ὑφ’
233 2233 442 2312 ἁμαρτωλίας.
466 2233 518 2298 Ita
540 2251 626 2298 nuno
650 2233 770 2316 legitur
794 2252 812 2298 e
838 2234 1029 2300 coniectura
1063 2234 1201 2314 Bentlei,
1239 2255 1313 2301 oum
1348 2234 1424 2300 libri

151 2340 352 2420 ἁρματωλίας
374 2341 564 2424 praebeant,
588 2341 644 2406 ubi
667 2340 772 2409 sobol.
796 2347 942 2422 annotat,
965 2347 1107 2424 poetam,
1135 2359 1211 2408 oum
1234 2342 1352 2409 dicere.
1370 2343 1426 2410 de·

151 2446 332 2514 baretano
356 2450 518 2528 ἁμαρτίας,
543 2448 611 2514 ἀντὶ
632 2452 689 2512 τοῦ
714 2449 959 2529 ἁμαρτάνοντες,
983 2449 1106 2516 dixisse
1128 2447 1186 2530 ὑφ’
1210 2451 1422 2529 ἁρματωλίας,

151 2557 220 2622 ἀντὶ
242 2560 300 2620 τοῦ
325 2557 508 2637 φειδόμενοι
531 2562 596 2622 τῶν
619 2558 769 2636 ἁρμάτων
789 2558 907 2640 αὐτῶν,
930 2565 989 2624 aut
1009 2560 1067 2638 τῆς
1090 2565 1155 2624 τῶν
1171 2561 1322 2639 ἁρμάτων
1337 2558 1425 2635 ἡνιο-

154 2665 250 2744 χείας.
275 2661 338 2728 Sed
360 2661 519 2728 librorum
543 2661 641 2727 lectio
665 2663 779 2728 multis
804 2665 1017 2746 expertibus
1041 2665 1162 2732 vitiosa
1186 2670 1247 2732 est.
1285 2666 1333 2730 Aa
1357 2666 1425 2746 pri-

152 2789 241 2834 mum
265 2768 405 2851 quidem,
430 2774 467 2832 ut
489 2774 578 2833 recte
601 2767 795 2850 Blaydesius
828 2772 1006 2847 annotavit,
1037 2771 1206 2852 quomodo
1241 2772 1426 2850 ἁρματωλία

152 2877 338 2961 significare
360 2876 466 2959 possit
488 2877 642 2954 φειδωλία
664 2880 729 2940 τῶν
753 2878 913 2954 ἁρμάτων,
937 2896 1004 2944 noa
1026 2877 1141 2959 liquet3
1181 2877 1298 2944 deinde
1322 2879 1384 2944 hoc
1407 2897 1426 2942 a

152 2985 318 3055 sententia
339 2983 405 3048 loci
428 2982 507 3048 mibi
531 2982 674 3050 alienum
698 2981 838 3048 videtur:
856 2977 992 3049 accusat
1008 2985 1096 3049 enim
1111 2983 1297 3050 Mercurius
1314 2983 1423 3050 Solem

153 3094 342 3173 Lunamque
365 3089 435 3154 dies
458 3089 664 3155 imminuisse
688 3095 721 3155 et
745 3090 857 3156 orbem
875 3093 1039 3158 arrosisse
1055 3109 1119 3158 non
1136 3091 1348 3174 parsimonia,
1369 3091 1429 3156 sed

152 3200 228 3266 dolo
251 3198 347 3264 malo.
372 3195 519 3277 Denique
545 3194 705 3261 eiusmodi
728 3197 898 3280 anapaesti
923 3203 998 3279 post
1033 3197 1172 3279 primam
1197 3198 1354 3278 syllabam
1377 3197 1428 3262 in·

156 3307 237 3374 cisio
260 3305 294 3370 in
318 3308 437 3386 quarto
460 3304 604 3368 trimetri
626 3303 709 3384 pede
734 3302 812 3368 ierri
835 3323 900 3369 non
923 3310 1043 3387 potest,
1078 3305 1142 3370 nisi
1177 3304 1234 3368 ubi
1270 3303 1429 3370 uocabula

153 3414 219 3480 duo
243 3419 300 3476 aut
322 3412 417 3491 plura
439 3415 530 3474 arete
555 3409 731 3475 cohaerent
755 3417 853 3493 atque
892 3417 967 3476 ante
1003 3410 1136 3476 tertiam
1176 3428 1291 3475 versus
1326 3410 1428 3476 araim

153 3520 286 3603 gravius
310 3533 466 3600 expressa
489 3532 626 3582 caesura
649 3517 758 3582 locum
783 3518 884 3586 habet
906 3520 950 3601 (ν.
974 3517 1096 3600 Engeri
1137 3517 1240 3598 praef.
1278 3517 1318 3580 ad
1356 3516 1429 3599 Lys.

157 3645 189 3708 p.
213 3622 477 3690 XVIII—XXV.
502 3623 700 3689 Bernhardii
723 3643 754 3706 p.
780 3629 843 3690 255
869 3633 904 3692 et
927 3625 1016 3708 285).
1048 3624 1285 3699 Hermannum,
1310 3622 1365 3704 qui
1389 3622 1428 3686 li·

154 3732 288 3798 brorum
312 3732 487 3796 lectionem
514 3747 555 3796 eo
578 3729 752 3798 defendere
776 3739 913 3798 conatus
938 3737 998 3806 est,
1017 3732 1104 3812 quod
1118 3730 1315 3796 histrionem
1333 3727 1429 3809 quasi

156 3841 267 3922 lingua
290 3839 494 3903 aberrantem
518 3843 635 3919 poetae
658 3838 753 3903 iussu
776 3836 833 3918 ὑφ’
857 3840 943 3917 ἁρμα
967 3838 1108 3920 syllabas
1141 3857 1199 3920 per
1223 3834 1426 3902 tribrachum

159 3946 338 4030 (tamquam
362 3944 392 4008 si
415 3943 615 4021 ἁμαρτωλίας
638 3943 777 4026 diceret)
793 3943 1025 4024 pronuntiasse
1044 3949 1203 4014 censeret
1221 3942 1304 4008 bano
1328 3939 1430 4023 igitur

156 4051 334 4123 Hermanni
359 4050 555 4114 senteutiam
579 4055 669 4114 reete
693 4047 813 4116 relutat
836 4050 1060 4122 Bernhardius
1097 4069 1128 4132 p.
1153 4051 1227 4114 255:
1253 4067 1350 4129 ,nam
1374 4055 1431 4115 aut

159 4160 368 4240 ἁμαρτωλίας,
393 4156 509 4238 inquit,
533 4156 688 4222 histrioni
711 4156 883 4222 dicendum
906 4154 979 4232 fuit,
1005 4163 1043 4222 ut
1060 4158 1171 4239 prima
1190 4155 1428 4238 corriperetur,

157 4270 215 4332 aut
235 4268 360 4346 ἁρματ.,
381 4263 494 4330 eadem
520 4274 558 4328 ut
579 4264 830 4344 produceretum
854 4262 995 4328 mediam
1030 4282 1107 4330 vero
1146 4264 1235 4328 inter
1258 4268 1431 4344 utramque

157 4379 255 4454 atque
279 4372 461 4454 ambiguam
486 4371 718 4453 pronuntiandi
742 4371 905 4437 rationem
928 4371 1102 4454 probatam
1121 4387 1196 4436 esse
1213 4369 1356 4436 alienam
1381 4374 1433 4434 est

158 4500 177 4546 a
201 4480 383 4546 constantie
406 4480 438 4544 in
462 4478 639 4544 metiendis
664 4477 808 4561 syllabis,
833 4496 1069 4560 usquequaque
1105 4497 1124 4542 a
1158 4475 1295 4542 Graecis
1320 4477 1433 4542 obser·

158 4587 267 4656 saw.
290 4587 334 4650 At
356 4585 384 4652 si
408 4585 608 4664 ἁμαρτωλίας
631 4603 705 4650 oum
730 4583 880 4652 Bentleio
905 4583 1104 4665 reposueris,
1131 4583 1240 4652 omnia
1274 4589 1367 4650 reate
1392 4599 1429 4648 se
