<?xml version="1.0" encoding="UTF-8"?>
<!DOCTYPE html PUBLIC "-//W3C//DTD XHTML 1.0 Transitional//EN"
    "http://www.w3.org/TR/xhtml1/DTD/xhtml1-transitional.dtd">
<html xmlns="http://www.w3.org/1999/xhtml" xml:lang="en" lang="en">
 <head>
  <title>
</title>
<meta http-equiv="Content-Type" content="text/html;charset=utf-8" />
  <meta name='ocr-system' content='tesseract 3.04.00' />
  <meta name='ocr-capabilities' content='ocr_page ocr_carea ocr_par ocr_line ocrx_word'/>
</head>
<body>
  <div class='ocr_page' id='page_1' title='image "./depraepositionu00sobogoog_0235.png"; bbox 0 0 3326 5372; ppageno 0'>
   <div class='ocr_carea' id='block_1_1' title="bbox 716 491 916 553">
    <p class='ocr_par' dir='ltr' id='par_1_1' title="bbox 716 491 916 553">
     <span class='ocr_line' id='line_1_1' title="bbox 716 491 916 553; baseline 0 -1"><span class='ocrx_word' id='word_1_1' title='bbox 716 491 916 553; x_wconf 68' lang='lat'>-2‘24-</span> 
     </span>
    </p>
   </div>
   <div class='ocr_carea' id='block_1_2' title="bbox 185 659 1468 2662">
    <p class='ocr_par' dir='ltr' id='par_1_2' title="bbox 231 659 646 743">
     <span class='ocr_line' id='line_1_2' title="bbox 231 659 646 743; baseline 0.007 -19"><span class='ocrx_word' id='word_1_2' title='bbox 231 659 280 724; x_wconf 89' lang='lat' dir='ltr'>Pl.</span> <span class='ocrx_word' id='word_1_3' title='bbox 305 664 347 722; x_wconf 85' lang='lat'>54</span> <span class='ocrx_word' id='word_1_4' title='bbox 371 661 447 738; x_wconf 78' lang='grc' dir='ltr'>ἦλθε</span> <span class='ocrx_word' id='word_1_5' title='bbox 471 663 547 739; x_wconf 90' lang='grc' dir='ltr'>μετὰ</span> <span class='ocrx_word' id='word_1_6' title='bbox 570 666 646 743; x_wconf 83' lang='grc' dir='ltr'>νῷν.</span> 
     </span>
    </p>

    <p class='ocr_par' dir='ltr' id='par_1_3' title="bbox 185 760 1461 1258">
     <span class='ocr_line' id='line_1_3' title="bbox 231 760 1461 852; baseline -0.004 -22"><span class='ocrx_word' id='word_1_7' title='bbox 231 768 264 851; x_wconf 91' lang='grc'>2)</span> <span class='ocrx_word' id='word_1_8' title='bbox 289 767 412 832; x_wconf 82' lang='lat' dir='ltr'>Eadem</span> <span class='ocrx_word' id='word_1_9' title='bbox 429 767 629 850; x_wconf 84' lang='lat' dir='ltr'>praepositio</span> <span class='ocrx_word' id='word_1_10' title='bbox 646 767 686 831; x_wconf 84' lang='lat' dir='ltr'>(le</span> <span class='ocrx_word' id='word_1_11' title='bbox 704 766 745 831; x_wconf 93' lang='lat' dir='ltr'>iis</span> <span class='ocrx_word' id='word_1_12' title='bbox 763 765 895 844; x_wconf 81' lang='lat' dir='ltr'>dicitur,</span> <span class='ocrx_word' id='word_1_13' title='bbox 912 766 971 852; x_wconf 88' lang='lat' dir='ltr'>qui</span> <span class='ocrx_word' id='word_1_14' title='bbox 988 760 1130 830; x_wconf 79' lang='lat' dir='ltr'>laborem</span> <span class='ocrx_word' id='word_1_15' title='bbox 1146 765 1288 847; x_wconf 81' lang='lat' dir='ltr'>aliquem</span> <span class='ocrx_word' id='word_1_16' title='bbox 1305 763 1461 828; x_wconf 80' lang='grc' dir='ltr'>ίαάυπιυο</span> 
     </span>
     <span class='ocr_line' id='line_1_4' title="bbox 185 869 1457 954; baseline -0.005 -16"><span class='ocrx_word' id='word_1_17' title='bbox 185 875 273 938; x_wconf 87' lang='lat' dir='ltr'>inter</span> <span class='ocrx_word' id='word_1_18' title='bbox 296 893 332 938; x_wconf 86' lang='lat' dir='ltr'>se</span> <span class='ocrx_word' id='word_1_19' title='bbox 355 871 557 940; x_wconf 80' lang='lat' dir='ltr'>consociant.</span> <span class='ocrx_word' id='word_1_20' title='bbox 582 872 719 938; x_wconf 77' lang='lat' dir='ltr'><strong>Praeter</strong></span> <span class='ocrx_word' id='word_1_21' title='bbox 746 875 874 954; x_wconf 75' lang='lat' dir='ltr'>„cum“,</span> <span class='ocrx_word' id='word_1_22' title='bbox 899 874 974 952; x_wconf 88' lang='grc' dir='ltr'>μετά</span> <span class='ocrx_word' id='word_1_23' title='bbox 997 872 1030 937; x_wconf 89' lang='lat' dir='ltr'>in</span> <span class='ocrx_word' id='word_1_24' title='bbox 1053 871 1240 937; x_wconf 83' lang='lat' dir='ltr'>huiusmodi</span> <span class='ocrx_word' id='word_1_25' title='bbox 1255 871 1338 937; x_wconf 76' lang='lat' dir='ltr'>iocis</span> <span class='ocrx_word' id='word_1_26' title='bbox 1357 869 1457 934; x_wconf 86' lang='lat' dir='ltr'>etiam</span> 
     </span>
     <span class='ocr_line' id='line_1_5' title="bbox 185 975 1458 1063; baseline -0.004 -19"><span class='ocrx_word' id='word_1_27' title='bbox 185 1000 245 1063; x_wconf 86' lang='lat' dir='ltr'>per</span> <span class='ocrx_word' id='word_1_28' title='bbox 269 981 446 1060; x_wconf 85' lang='lat' dir='ltr'>„adiuvare</span> <span class='ocrx_word' id='word_1_29' title='bbox 482 980 624 1061; x_wconf 85' lang='lat' dir='ltr'>aliquem</span> <span class='ocrx_word' id='word_1_30' title='bbox 656 981 690 1046; x_wconf 88' lang='lat' dir='ltr'>in</span> <span class='ocrx_word' id='word_1_31' title='bbox 724 981 798 1062; x_wconf 88' lang='lat' dir='ltr'>alqa</span> <span class='ocrx_word' id='word_1_32' title='bbox 832 982 888 1044; x_wconf 77' lang='lat' dir='ltr'>re‘</span> <span class='ocrx_word' id='word_1_33' title='bbox 924 979 1088 1044; x_wconf 84' lang='lat' dir='ltr'>interdum</span> <span class='ocrx_word' id='word_1_34' title='bbox 1108 979 1216 1044; x_wconf 85' lang='lat' dir='ltr'>·re‹ldi</span> <span class='ocrx_word' id='word_1_35' title='bbox 1246 981 1365 1061; x_wconf 77' lang='lat' dir='ltr'>potest,</span> <span class='ocrx_word' id='word_1_36' title='bbox 1398 975 1458 1041; x_wconf 76' lang='lat' dir='ltr'>seo</span> 
     </span>
     <span class='ocr_line' id='line_1_6' title="bbox 185 1083 1459 1167; baseline -0.005 -16"><span class='ocrx_word' id='word_1_37' title='bbox 185 1084 311 1151; x_wconf 87' lang='lat' dir='ltr'>nullum</span> <span class='ocrx_word' id='word_1_38' title='bbox 337 1085 466 1151; x_wconf 90' lang='lat' dir='ltr'>invenio</span> <span class='ocrx_word' id='word_1_39' title='bbox 491 1085 685 1167; x_wconf 87' lang='lat' dir='ltr'>exemplum,</span> <span class='ocrx_word' id='word_1_40' title='bbox 717 1086 773 1150; x_wconf 90' lang='lat' dir='ltr'>ubi</span> <span class='ocrx_word' id='word_1_41' title='bbox 800 1085 895 1166; x_wconf 83' lang='lat' dir='ltr'>„alqo</span> <span class='ocrx_word' id='word_1_42' title='bbox 929 1083 1124 1150; x_wconf 84' lang='lat' dir='ltr'>adiuvante“</span> <span class='ocrx_word' id='word_1_43' title='bbox 1160 1083 1359 1166; x_wconf 76' lang='lat' dir='ltr'>praepositio</span> <span class='ocrx_word' id='word_1_44' title='bbox 1383 1100 1459 1146; x_wconf 81' lang='lat' dir='ltr'>ver·</span> 
     </span>
     <span class='ocr_line' id='line_1_7' title="bbox 185 1194 360 1258; baseline -0.006 -2"><span class='ocrx_word' id='word_1_45' title='bbox 185 1194 284 1257; x_wconf 86' lang='lat' dir='ltr'>tenda</span> <span class='ocrx_word' id='word_1_46' title='bbox 307 1196 360 1258; x_wconf 87' lang='lat' dir='ltr'>sit.</span> 
     </span>
    </p>

    <p class='ocr_par' dir='ltr' id='par_1_4' title="bbox 231 1298 1169 1383">
     <span class='ocr_line' id='line_1_8' title="bbox 231 1298 1169 1383; baseline 0 -19"><span class='ocrx_word' id='word_1_47' title='bbox 231 1302 264 1381; x_wconf 85' lang='lat' dir='ltr'>a)</span> <span class='ocrx_word' id='word_1_48' title='bbox 289 1298 391 1383; x_wconf 70' lang='lat' dir='ltr'>saep:</span> <span class='ocrx_word' id='word_1_49' title='bbox 412 1301 449 1363; x_wconf 85' lang='grc' dir='ltr'>Α.</span> <span class='ocrx_word' id='word_1_50' title='bbox 477 1304 535 1366; x_wconf 86' lang='grc'>141</span> <span class='ocrx_word' id='word_1_51' title='bbox 563 1303 640 1380; x_wconf 88' lang='grc' dir='ltr'>μετὰ</span> <span class='ocrx_word' id='word_1_52' title='bbox 667 1301 838 1378; x_wconf 83' lang='grc' dir='ltr'>Σιτάλκους</span> <span class='ocrx_word' id='word_1_53' title='bbox 862 1301 981 1366; x_wconf 83' lang='grc' dir='ltr'>ἔπινον.</span> <span class='ocrx_word' id='word_1_54' title='bbox 1166 1345 1169 1354; x_wconf 82' lang='lat'><em>·</em></span> 
     </span>
    </p>

    <p class='ocr_par' dir='ltr' id='par_1_5' title="bbox 188 1405 1461 1594">
     <span class='ocr_line' id='line_1_9' title="bbox 231 1405 1461 1487; baseline -0.002 -16"><span class='ocrx_word' id='word_1_55' title='bbox 231 1407 357 1472; x_wconf 80' lang='lat' dir='ltr'>N.·475</span> <span class='ocrx_word' id='word_1_56' title='bbox 381 1407 943 1487; x_wconf 77' lang='grc' dir='ltr'>πράγματα-ουρβουλευσομένους</span> <span class='ocrx_word' id='word_1_57' title='bbox 959 1409 1034 1484; x_wconf 87' lang='grc' dir='ltr'>μετὰ</span> <span class='ocrx_word' id='word_1_58' title='bbox 1052 1407 1124 1470; x_wconf 91' lang='grc' dir='ltr'>σοῦ.</span> <span class='ocrx_word' id='word_1_59' title='bbox 1146 1405 1229 1469; x_wconf 88' lang='grc'>1996</span> <span class='ocrx_word' id='word_1_60' title='bbox 1247 1406 1461 1483; x_wconf 84' lang='grc' dir='ltr'>ἀποθρέξει-</span> 
     </span>
     <span class='ocr_line' id='line_1_10' title="bbox 188 1514 664 1594; baseline 0 -16"><span class='ocrx_word' id='word_1_61' title='bbox 188 1518 264 1594; x_wconf 87' lang='grc' dir='ltr'>μειὰ</span> <span class='ocrx_word' id='word_1_62' title='bbox 287 1516 464 1594; x_wconf 87' lang='grc' dir='ltr'>σώφρονος</span> <span class='ocrx_word' id='word_1_63' title='bbox 487 1514 664 1590; x_wconf 85' lang='grc' dir='ltr'>ἡλικιώτου.</span> 
     </span>
    </p>

    <p class='ocr_par' dir='ltr' id='par_1_6' title="bbox 188 1616 1462 1808">
     <span class='ocr_line' id='line_1_11' title="bbox 234 1616 1462 1750; baseline 0.001 -65"><span class='ocrx_word' id='word_1_64' title='bbox 234 1621 269 1685; x_wconf 95' lang='lat' dir='ltr'>V.</span> <span class='ocrx_word' id='word_1_65' title='bbox 296 1623 357 1685; x_wconf 99' lang='grc'>786</span> <span class='ocrx_word' id='word_1_66' title='bbox 382 1620 447 1686; x_wconf 86' lang='grc' dir='ltr'>κατ’</span> <span class='ocrx_word' id='word_1_67' title='bbox 469 1621 606 1699; x_wconf 88' lang='grc' dir='ltr'>ἐμαυτὸν</span> <span class='ocrx_word' id='word_1_68' title='bbox 629 1621 689 1686; x_wconf 91' lang='grc' dir='ltr'>κου</span> <span class='ocrx_word' id='word_1_69' title='bbox 714 1617 784 1725; x_wconf 81' lang='grc' dir='ltr'>μεῦ’</span> <span class='ocrx_word' id='word_1_70' title='bbox 806 1620 916 1697; x_wconf 86' lang='grc' dir='ltr'>ἑτέρου</span> <span class='ocrx_word' id='word_1_71' title='bbox 940 1621 1091 1698; x_wconf 87' lang='grc' dir='ltr'>λήψομαι.</span> <span class='ocrx_word' id='word_1_72' title='bbox 1129 1623 1191 1684; x_wconf 89' lang='grc'>788</span> <span class='ocrx_word' id='word_1_73' title='bbox 1227 1623 1368 1750; x_wconf 84' lang='grc' dir='ltr'>δραχμὴν</span> <span class='ocrx_word' id='word_1_74' title='bbox 1393 1616 1462 1700; x_wconf 87' lang='grc' dir='ltr'>μετ</span> 
     </span>
     <span class='ocr_line' id='line_1_12' title="bbox 188 1727 1196 1808; baseline 0 -16"><span class='ocrx_word' id='word_1_75' title='bbox 188 1730 428 1807; x_wconf 86' lang='grc' dir='ltr'>ἐμοῦ-λαβών.</span> <span class='ocrx_word' id='word_1_76' title='bbox 455 1729 539 1793; x_wconf 94' lang='grc'>1269</span> <span class='ocrx_word' id='word_1_77' title='bbox 564 1731 753 1794; x_wconf 82' lang='grc' dir='ltr'>δειπνοῦντα</span> <span class='ocrx_word' id='word_1_78' title='bbox 776 1730 852 1808; x_wconf 88' lang='grc' dir='ltr'>μετὰ</span> <span class='ocrx_word' id='word_1_79' title='bbox 876 1727 1059 1805; x_wconf 85' lang='grc' dir='ltr'>Λεωγόρου.</span> <span class='ocrx_word' id='word_1_80' title='bbox 1193 1731 1196 1740; x_wconf 83' lang='grc'><em>“</em></span> 
     </span>
    </p>

    <p class='ocr_par' dir='ltr' id='par_1_7' title="bbox 215 1831 1463 1915">
     <span class='ocr_line' id='line_1_13' title="bbox 215 1831 1463 1915; baseline 0.001 -15.013"><span class='ocrx_word' id='word_1_81' title='bbox 215 1835 267 1903; x_wconf 93' lang='lat' dir='ltr'>P.</span> <span class='ocrx_word' id='word_1_82' title='bbox 295 1838 356 1898; x_wconf 92' lang='grc'>775</span> <span class='ocrx_word' id='word_1_83' title='bbox 382 1833 446 1914; x_wconf 87' lang='grc' dir='ltr'>μετ’</span> <span class='ocrx_word' id='word_1_84' title='bbox 470 1837 763 1915; x_wconf 89' lang='grc' dir='ltr'>ἐμοῦ-χόρευσον.</span> <span class='ocrx_word' id='word_1_85' title='bbox 804 1838 867 1898; x_wconf 89' lang='grc'>818</span> <span class='ocrx_word' id='word_1_86' title='bbox 893 1831 956 1914; x_wconf 89' lang='grc' dir='ltr'>μετ’</span> <span class='ocrx_word' id='word_1_87' title='bbox 981 1836 1058 1911; x_wconf 86' lang='grc' dir='ltr'>ἐμοῦ</span> <span class='ocrx_word' id='word_1_88' title='bbox 1082 1835 1228 1913; x_wconf 82' lang='grc' dir='ltr'>ξύμπαιζε</span> <span class='ocrx_word' id='word_1_89' title='bbox 1251 1837 1309 1914; x_wconf 85' lang='grc' dir='ltr'>τὴν</span> <span class='ocrx_word' id='word_1_90' title='bbox 1333 1835 1463 1914; x_wconf 81' lang='grc' dir='ltr'>ἑορτήν.</span> 
     </span>
    </p>

    <p class='ocr_par' dir='ltr' id='par_1_8' title="bbox 188 1942 1468 2250">
     <span class='ocr_line' id='line_1_14' title="bbox 232 1942 1460 2022; baseline 0.001 -17"><span class='ocrx_word' id='word_1_91' title='bbox 232 1943 290 2005; x_wconf 80' lang='grc' dir='ltr'>Αν.</span> <span class='ocrx_word' id='word_1_92' title='bbox 317 1945 378 2006; x_wconf 92' lang='grc'>196</span> <span class='ocrx_word' id='word_1_93' title='bbox 403 1942 441 2005; x_wconf 89' lang='grc' dir='ltr'>άν</span> <span class='ocrx_word' id='word_1_94' title='bbox 465 1944 663 2021; x_wconf 82' lang='grc' dir='ltr'>κατοικίζοιμι</span> <span class='ocrx_word' id='word_1_95' title='bbox 687 1945 763 2020; x_wconf 89' lang='grc' dir='ltr'>μετὰ</span> <span class='ocrx_word' id='word_1_96' title='bbox 787 1946 848 2006; x_wconf 91' lang='grc' dir='ltr'>σοῦ</span> <span class='ocrx_word' id='word_1_97' title='bbox 873 1944 931 2019; x_wconf 88' lang='grc' dir='ltr'>τὴν</span> <span class='ocrx_word' id='word_1_98' title='bbox 961 1943 1063 2007; x_wconf 90' lang='grc' dir='ltr'>πόλιν.</span> <span class='ocrx_word' id='word_1_99' title='bbox 1104 1945 1168 2006; x_wconf 89' lang='grc'>660</span> <span class='ocrx_word' id='word_1_100' title='bbox 1202 1944 1255 2007; x_wconf 89' lang='grc' dir='ltr'>ἵνα</span> <span class='ocrx_word' id='word_1_101' title='bbox 1291 1945 1460 2022; x_wconf 88' lang='grc' dir='ltr'>παίσωμεν</span> 
     </span>
     <span class='ocr_line' id='line_1_15' title="bbox 188 2046 1468 2129; baseline -0.001 -16"><span class='ocrx_word' id='word_1_102' title='bbox 188 2048 252 2129; x_wconf 89' lang='grc' dir='ltr'>μετ’</span> <span class='ocrx_word' id='word_1_103' title='bbox 277 2050 407 2126; x_wconf 87' lang='grc' dir='ltr'>ἐκείνης.</span> <span class='ocrx_word' id='word_1_104' title='bbox 435 2050 496 2112; x_wconf 87' lang='grc'>739</span> <span class='ocrx_word' id='word_1_105' title='bbox 522 2050 643 2114; x_wconf 91' lang='grc' dir='ltr'>Μοῦσα</span> <span class='ocrx_word' id='word_1_106' title='bbox 666 2049 1012 2129; x_wconf 75' lang='grc' dir='ltr'>λοχμαία-ποικίλη,</span> <span class='ocrx_word' id='word_1_107' title='bbox 1051 2046 1117 2127; x_wconf 84' lang='grc' dir='ltr'>μεθ’</span> <span class='ocrx_word' id='word_1_108' title='bbox 1149 2049 1188 2128; x_wconf 86' lang='grc' dir='ltr'>ἧς</span> <span class='ocrx_word' id='word_1_109' title='bbox 1212 2049 1468 2126; x_wconf 85' lang='grc' dir='ltr'>ἐγὼ--μελέων</span> 
     </span>
     <span class='ocr_line' id='line_1_16' title="bbox 188 2155 828 2250; baseline -0.002 -30"><span class='ocrx_word' id='word_1_110' title='bbox 188 2158 272 2220; x_wconf 88' lang='grc' dir='ltr'>Πανὶ</span> <span class='ocrx_word' id='word_1_111' title='bbox 295 2156 416 2233; x_wconf 89' lang='grc' dir='ltr'>νόμους</span> <span class='ocrx_word' id='word_1_112' title='bbox 435 2155 542 2234; x_wconf 87' lang='grc' dir='ltr'>ἱεροὺς</span> <span class='ocrx_word' id='word_1_113' title='bbox 566 2155 745 2235; x_wconf 87' lang='grc' dir='ltr'>ἀναφαίνω.</span> <span class='ocrx_word' id='word_1_114' title='bbox 825 2235 828 2250; x_wconf 34' lang='grc' dir='ltr'>Ι</span> 
     </span>
    </p>

    <p class='ocr_par' dir='ltr' id='par_1_9' title="bbox 189 2256 1464 2556">
     <span class='ocr_line' id='line_1_17' title="bbox 233 2256 1464 2342; baseline 0.003 -18"><span class='ocrx_word' id='word_1_115' title='bbox 233 2260 268 2325; x_wconf 91' lang='lat' dir='ltr'>L.</span> <span class='ocrx_word' id='word_1_116' title='bbox 297 2256 358 2324; x_wconf 88' lang='grc'>112</span> <span class='ocrx_word' id='word_1_117' title='bbox 383 2259 513 2327; x_wconf 84' lang='grc' dir='ltr'>ἐθέλοιτ’</span> <span class='ocrx_word' id='word_1_118' title='bbox 550 2261 720 2341; x_wconf 72' lang='grc' dir='ltr'>τίν-μετ’</span> <span class='ocrx_word' id='word_1_119' title='bbox 756 2264 832 2341; x_wconf 84' lang='grc' dir='ltr'>ἐμοῦ</span> <span class='ocrx_word' id='word_1_120' title='bbox 869 2264 1045 2326; x_wconf 90' lang='grc' dir='ltr'>καταλῦσαι</span> <span class='ocrx_word' id='word_1_121' title='bbox 1071 2264 1128 2326; x_wconf 90' lang='grc' dir='ltr'>τὸν</span> <span class='ocrx_word' id='word_1_122' title='bbox 1151 2263 1301 2342; x_wconf 91' lang='grc' dir='ltr'>πόλεμον;</span> <span class='ocrx_word' id='word_1_123' title='bbox 1327 2267 1392 2328; x_wconf 86' lang='grc'>438</span> <span class='ocrx_word' id='word_1_124' title='bbox 1417 2263 1464 2328; x_wconf 86' lang='grc' dir='ltr'>οῦ</span> 
     </span>
     <span class='ocr_line' id='line_1_18' title="bbox 189 2367 1464 2450; baseline 0.002 -17"><span class='ocrx_word' id='word_1_125' title='bbox 189 2370 381 2446; x_wconf 81' lang='grc' dir='ltr'>ξυναρπάσει</span> <span class='ocrx_word' id='word_1_126' title='bbox 405 2370 506 2448; x_wconf 87' lang='grc' dir='ltr'>μέσην</span> <span class='ocrx_word' id='word_1_127' title='bbox 530 2372 581 2434; x_wconf 87' lang='grc' dir='ltr'>καὶ</span> <span class='ocrx_word' id='word_1_128' title='bbox 604 2371 645 2434; x_wconf 91' lang='grc' dir='ltr'>σῦ</span> <span class='ocrx_word' id='word_1_129' title='bbox 670 2373 746 2449; x_wconf 90' lang='grc' dir='ltr'>μετὰ</span> <span class='ocrx_word' id='word_1_130' title='bbox 768 2369 895 2447; x_wconf 86' lang='grc' dir='ltr'>τοῦτου;</span> <span class='ocrx_word' id='word_1_131' title='bbox 931 2373 994 2432; x_wconf 82' lang='grc'>479</span> <span class='ocrx_word' id='word_1_132' title='bbox 1032 2367 1464 2450; x_wconf 68' lang='grc' dir='ltr'>βασανιστέον-σοὶ-μετ’</span> 
     </span>
     <span class='ocr_line' id='line_1_19' title="bbox 190 2476 956 2556; baseline -0.003 -17"><span class='ocrx_word' id='word_1_133' title='bbox 190 2476 277 2556; x_wconf 91' lang='grc' dir='ltr'>ἐμοῦ.</span> <span class='ocrx_word' id='word_1_134' title='bbox 305 2479 384 2539; x_wconf 91' lang='grc'>1221</span> <span class='ocrx_word' id='word_1_135' title='bbox 415 2477 490 2553; x_wconf 89' lang='grc' dir='ltr'>μετὰ</span> <span class='ocrx_word' id='word_1_136' title='bbox 515 2480 576 2539; x_wconf 95' lang='grc' dir='ltr'>σοῦ</span> <span class='ocrx_word' id='word_1_137' title='bbox 601 2477 956 2554; x_wconf 85' lang='grc' dir='ltr'>ξυνταλαιπωρήσομεν.</span> 
     </span>
    </p>

    <p class='ocr_par' dir='ltr' id='par_1_10' title="bbox 234 2581 1052 2662">
     <span class='ocr_line' id='line_1_20' title="bbox 234 2581 1052 2662; baseline 0.006 -16"><span class='ocrx_word' id='word_1_138' title='bbox 234 2581 292 2646; x_wconf 88' lang='lat' dir='ltr'>Th.</span> <span class='ocrx_word' id='word_1_139' title='bbox 316 2586 380 2645; x_wconf 88' lang='grc'>432</span> <span class='ocrx_word' id='word_1_140' title='bbox 407 2584 482 2660; x_wconf 89' lang='grc' dir='ltr'>μετὰ</span> <span class='ocrx_word' id='word_1_141' title='bbox 504 2587 561 2660; x_wconf 86' lang='grc' dir='ltr'>τῆς</span> <span class='ocrx_word' id='word_1_142' title='bbox 584 2583 791 2662; x_wconf 84' lang='grc' dir='ltr'>γραμματέως</span> <span class='ocrx_word' id='word_1_143' title='bbox 816 2582 1052 2660; x_wconf 82' lang='grc' dir='ltr'>συγγράψομαι.</span> 
     </span>
    </p>
   </div>
   <div class='ocr_carea' id='block_1_3' title="bbox 191 2687 1470 3196">
    <p class='ocr_par' dir='ltr' id='par_1_11' title="bbox 192 2687 1466 2877">
     <span class='ocr_line' id='line_1_21' title="bbox 233 2687 1466 2769; baseline 0.002 -17"><span class='ocrx_word' id='word_1_144' title='bbox 233 2689 291 2753; x_wconf 83' lang='lat' dir='ltr'>Eo‘.</span> <span class='ocrx_word' id='word_1_145' title='bbox 317 2691 380 2752; x_wconf 88' lang='grc'>849</span> <span class='ocrx_word' id='word_1_146' title='bbox 417 2690 563 2768; x_wconf 84' lang='grc' dir='ltr'>καχάζων</span> <span class='ocrx_word' id='word_1_147' title='bbox 598 2687 663 2768; x_wconf 76' lang='grc' dir='ltr'>μεθ’</span> <span class='ocrx_word' id='word_1_148' title='bbox 701 2689 811 2765; x_wconf 90' lang='grc' dir='ltr'>ἑτέρου</span> <span class='ocrx_word' id='word_1_149' title='bbox 846 2689 984 2752; x_wconf 91' lang='grc' dir='ltr'>νεανίου.</span> <span class='ocrx_word' id='word_1_150' title='bbox 1023 2693 1105 2754; x_wconf 89' lang='grc'>1996</span> <span class='ocrx_word' id='word_1_151' title='bbox 1141 2693 1466 2769; x_wconf 75' lang='grc' dir='ltr'>ξυνεισπεσοῦμαι-</span> 
     </span>
     <span class='ocr_line' id='line_1_22' title="bbox 192 2784 589 2877; baseline -0.01 -17"><span class='ocrx_word' id='word_1_152' title='bbox 192 2799 268 2877; x_wconf 90' lang='grc' dir='ltr'>μετὰ</span> <span class='ocrx_word' id='word_1_153' title='bbox 292 2800 365 2860; x_wconf 91' lang='grc' dir='ltr'>σοῦ.</span> <span class='ocrx_word' id='word_1_154' title='bbox 586 2784 589 2789; x_wconf 61' lang='grc'><strong>’</strong></span> 
     </span>
    </p>

    <p class='ocr_par' dir='ltr' id='par_1_12' title="bbox 191 2901 1470 3090">
     <span class='ocr_line' id='line_1_23' title="bbox 234 2901 1470 2989; baseline -0.003 -21"><span class='ocrx_word' id='word_1_155' title='bbox 234 2903 282 2968; x_wconf 93' lang='lat' dir='ltr'>Pl.</span> <span class='ocrx_word' id='word_1_156' title='bbox 309 2907 371 2966; x_wconf 89' lang='grc'>176</span> <span class='ocrx_word' id='word_1_157' title='bbox 396 2901 414 2964; x_wconf 88' lang='grc' dir='ltr'>ὁ</span> <span class='ocrx_word' id='word_1_158' title='bbox 441 2904 667 2980; x_wconf 83' lang='grc' dir='ltr'>βελονοπώλης</span> <span class='ocrx_word' id='word_1_159' title='bbox 702 2902 729 2965; x_wconf 78' lang='grc' dir='ltr'>δ’</span> <span class='ocrx_word' id='word_1_160' title='bbox 752 2903 823 2981; x_wconf 85' lang='grc' dir='ltr'>οῦχλ</span> <span class='ocrx_word' id='word_1_161' title='bbox 858 2907 934 2983; x_wconf 91' lang='grc' dir='ltr'>μετὰ</span> <span class='ocrx_word' id='word_1_162' title='bbox 964 2907 1021 2967; x_wconf 92' lang='grc' dir='ltr'>τοῦ</span> <span class='ocrx_word' id='word_1_163' title='bbox 1057 2905 1228 2984; x_wconf 90' lang='grc' dir='ltr'>Παμφίλου</span> <span class='ocrx_word' id='word_1_164' title='bbox 1255 2905 1470 2989; x_wconf 87' lang='grc' dir='ltr'>(κλαύσεται);.</span> 
     </span>
     <span class='ocr_line' id='line_1_24' title="bbox 191 3010 1078 3090; baseline 0.002 -16"><span class='ocrx_word' id='word_1_165' title='bbox 191 3013 253 3074; x_wconf 93' lang='grc'>891</span> <span class='ocrx_word' id='word_1_166' title='bbox 281 3010 326 3085; x_wconf 83' lang='grc' dir='ltr'>ὡς</span> <span class='ocrx_word' id='word_1_167' title='bbox 349 3010 475 3085; x_wconf 86' lang='grc' dir='ltr'>δή-σῦ</span> <span class='ocrx_word' id='word_1_168' title='bbox 500 3011 576 3086; x_wconf 87' lang='grc' dir='ltr'>μετὰ</span> <span class='ocrx_word' id='word_1_169' title='bbox 599 3013 655 3073; x_wconf 93' lang='grc' dir='ltr'>τοῦ</span> <span class='ocrx_word' id='word_1_170' title='bbox 683 3010 844 3088; x_wconf 88' lang='grc' dir='ltr'>μάρτυρος</span> <span class='ocrx_word' id='word_1_171' title='bbox 868 3013 1078 3090; x_wconf 79' lang='grc' dir='ltr'>διαρραγείης.</span> 
     </span>
    </p>

    <p class='ocr_par' dir='ltr' id='par_1_13' title="bbox 234 3101 1464 3196">
     <span class='ocr_line' id='line_1_25' title="bbox 234 3101 1464 3196; baseline 0.006 -18"><span class='ocrx_word' id='word_1_172' title='bbox 234 3115 288 3180; x_wconf 88' lang='lat' dir='ltr'>Fr.</span> <span class='ocrx_word' id='word_1_173' title='bbox 313 3117 351 3177; x_wconf 92' lang='grc'>81</span> <span class='ocrx_word' id='word_1_174' title='bbox 379 3115 398 3191; x_wconf 83' lang='grc' dir='ltr'>ἢ</span> <span class='ocrx_word' id='word_1_175' title='bbox 422 3114 500 3191; x_wconf 85' lang='grc' dir='ltr'>δῶρ’</span> <span class='ocrx_word' id='word_1_176' title='bbox 524 3115 619 3179; x_wconf 86' lang='grc' dir='ltr'>αἰτιῦν</span> <span class='ocrx_word' id='word_1_177' title='bbox 644 3101 743 3195; x_wconf 73' lang='grc' dir='ltr'>ἀρχὴν</span> <span class='ocrx_word' id='word_1_178' title='bbox 766 3118 907 3193; x_wconf 92' lang='grc' dir='ltr'>πολέμου</span> <span class='ocrx_word' id='word_1_179' title='bbox 944 3120 1019 3195; x_wconf 90' lang='grc' dir='ltr'>μετὰ</span> <span class='ocrx_word' id='word_1_180' title='bbox 1053 3118 1256 3196; x_wconf 85' lang='grc' dir='ltr'>Πεισάνδρου</span> <span class='ocrx_word' id='word_1_181' title='bbox 1291 3121 1464 3196; x_wconf 90' lang='grc' dir='ltr'>πορίσειεν.</span> 
     </span>
    </p>
   </div>
   <div class='ocr_carea' id='block_1_4' title="bbox 192 3219 1470 4691">
    <p class='ocr_par' dir='ltr' id='par_1_14' title="bbox 192 3219 1470 3410">
     <span class='ocr_line' id='line_1_26' title="bbox 201 3219 1470 3304; baseline 0.003 -16"><span class='ocrx_word' id='word_1_182' title='bbox 201 3279 205 3288; x_wconf 94' lang='grc'>.</span> <span class='ocrx_word' id='word_1_183' title='bbox 235 3223 270 3304; x_wconf 87' lang='lat' dir='ltr'>h)</span> <span class='ocrx_word' id='word_1_184' title='bbox 296 3219 404 3286; x_wconf 64' lang='lat' dir='ltr'>Plura</span> <span class='ocrx_word' id='word_1_185' title='bbox 428 3222 465 3287; x_wconf 84' lang='grc' dir='ltr'>Α.</span> <span class='ocrx_word' id='word_1_186' title='bbox 492 3224 555 3285; x_wconf 84' lang='grc'>249</span> <span class='ocrx_word' id='word_1_187' title='bbox 580 3223 723 3286; x_wconf 88' lang='grc' dir='ltr'>θύσαντα</span> <span class='ocrx_word' id='word_1_188' title='bbox 747 3224 911 3299; x_wconf 84' lang='grc' dir='ltr'>μετὰτῶν</span> <span class='ocrx_word' id='word_1_189' title='bbox 935 3223 1074 3287; x_wconf 90' lang='grc' dir='ltr'>οἰκετιῦν.</span> <span class='ocrx_word' id='word_1_190' title='bbox 1108 3226 1171 3285; x_wconf 89' lang='grc'>277</span> <span class='ocrx_word' id='word_1_191' title='bbox 1196 3224 1252 3288; x_wconf 85' lang='grc' dir='ltr'>ἐάν</span> <span class='ocrx_word' id='word_1_192' title='bbox 1277 3223 1343 3303; x_wconf 88' lang='grc' dir='ltr'>μεθ’</span> <span class='ocrx_word' id='word_1_193' title='bbox 1368 3226 1470 3304; x_wconf 85' lang='grc' dir='ltr'>ἡμῶν</span> 
     </span>
     <span class='ocr_line' id='line_1_27' title="bbox 192 3330 333 3410; baseline -0.035 -14"><span class='ocrx_word' id='word_1_194' title='bbox 192 3330 333 3410; x_wconf 88' lang='grc' dir='ltr'>ξυμπίῃς.</span> 
     </span>
    </p>

    <p class='ocr_par' dir='ltr' id='par_1_15' title="bbox 194 3434 1464 3729">
     <span class='ocr_line' id='line_1_28' title="bbox 235 3434 1462 3518; baseline 0.006 -20"><span class='ocrx_word' id='word_1_195' title='bbox 235 3434 273 3498; x_wconf 83' lang='grc' dir='ltr'>Ε.</span> <span class='ocrx_word' id='word_1_196' title='bbox 300 3438 362 3497; x_wconf 94' lang='grc'>229</span> <span class='ocrx_word' id='word_1_197' title='bbox 387 3434 474 3511; x_wconf 87' lang='grc' dir='ltr'>κάγὼ</span> <span class='ocrx_word' id='word_1_198' title='bbox 499 3434 563 3514; x_wconf 87' lang='grc' dir='ltr'>μετ’</span> <span class='ocrx_word' id='word_1_199' title='bbox 588 3435 694 3498; x_wconf 86' lang='grc' dir='ltr'>αὐτῶν</span> <span class='ocrx_word' id='word_1_200' title='bbox 717 3436 763 3512; x_wconf 89' lang='grc' dir='ltr'>χιίι</span> <span class='ocrx_word' id='word_1_201' title='bbox 785 3437 860 3513; x_wconf 87' lang='grc' dir='ltr'>θεὸς</span> <span class='ocrx_word' id='word_1_202' title='bbox 885 3437 1083 3515; x_wconf 85' lang='grc' dir='ltr'>ξυλλήψεται.</span> <span class='ocrx_word' id='word_1_203' title='bbox 1115 3440 1178 3501; x_wconf 89' lang='grc'>690</span> <span class='ocrx_word' id='word_1_204' title='bbox 1200 3441 1462 3518; x_wconf 84' lang='grc' dir='ltr'>τοῖς-ἐχθροῖσι</span> 
     </span>
     <span class='ocr_line' id='line_1_29' title="bbox 194 3541 1464 3624; baseline 0.006 -20"><span class='ocrx_word' id='word_1_205' title='bbox 194 3541 259 3621; x_wconf 83' lang='grc' dir='ltr'>μεθ’</span> <span class='ocrx_word' id='word_1_206' title='bbox 281 3541 372 3621; x_wconf 84' lang='grc' dir='ltr'>ἡμῶν</span> <span class='ocrx_word' id='word_1_207' title='bbox 395 3545 566 3609; x_wconf 87' lang='grc' dir='ltr'>στασιάζει.</span> <span class='ocrx_word' id='word_1_208' title='bbox 595 3546 656 3604; x_wconf 92' lang='grc'>697</span> <span class='ocrx_word' id='word_1_209' title='bbox 681 3544 996 3621; x_wconf 86' lang='grc' dir='ltr'>πολλὰ-πράγματα</span> <span class='ocrx_word' id='word_1_210' title='bbox 1025 3546 1247 3621; x_wconf 89' lang='grc' dir='ltr'>ξυνδιήνεγκαν</span> <span class='ocrx_word' id='word_1_211' title='bbox 1270 3543 1335 3623; x_wconf 87' lang='grc' dir='ltr'>μεθ’</span> <span class='ocrx_word' id='word_1_212' title='bbox 1360 3547 1464 3624; x_wconf 86' lang='grc' dir='ltr'>ἡμῶν.</span> 
     </span>
     <span class='ocr_line' id='line_1_30' title="bbox 196 3647 994 3729; baseline 0.004 -17"><span class='ocrx_word' id='word_1_213' title='bbox 196 3652 279 3713; x_wconf 92' lang='grc'>1289</span> <span class='ocrx_word' id='word_1_214' title='bbox 305 3651 339 3712; x_wconf 87' lang='grc' dir='ltr'>ἐκ</span> <span class='ocrx_word' id='word_1_215' title='bbox 362 3650 479 3714; x_wconf 86' lang='grc' dir='ltr'>ταύτοῦ</span> <span class='ocrx_word' id='word_1_216' title='bbox 505 3647 571 3727; x_wconf 82' lang='grc' dir='ltr'>μεθ’</span> <span class='ocrx_word' id='word_1_217' title='bbox 593 3648 684 3726; x_wconf 75' lang='grc' dir='ltr'>ἡμῶν</span> <span class='ocrx_word' id='word_1_218' title='bbox 707 3650 806 3713; x_wconf 88' lang='grc' dir='ltr'>πίεται</span> <span class='ocrx_word' id='word_1_219' title='bbox 830 3652 994 3729; x_wconf 91' lang='grc' dir='ltr'>ποτηρίου.</span> 
     </span>
    </p>

    <p class='ocr_par' dir='ltr' id='par_1_16' title="bbox 238 3755 998 3834">
     <span class='ocr_line' id='line_1_31' title="bbox 238 3755 998 3834; baseline 0.014 -18"><span class='ocrx_word' id='word_1_220' title='bbox 238 3755 278 3818; x_wconf 91' lang='lat' dir='ltr'>V.</span> <span class='ocrx_word' id='word_1_221' title='bbox 306 3760 368 3821; x_wconf 88' lang='grc'>692</span> <span class='ocrx_word' id='word_1_222' title='bbox 391 3762 456 3821; x_wconf 89' lang='grc' dir='ltr'>τιῦν</span> <span class='ocrx_word' id='word_1_223' title='bbox 480 3755 755 3834; x_wconf 79' lang='grc' dir='ltr'>άρχόντων-τιῦν</span> <span class='ocrx_word' id='word_1_224' title='bbox 780 3757 847 3834; x_wconf 75' lang='grc' dir='ltr'>μεθ’</span> <span class='ocrx_word' id='word_1_225' title='bbox 873 3759 998 3826; x_wconf 89' lang='grc' dir='ltr'>ἑαυτοῦ.</span> 
     </span>
    </p>

    <p class='ocr_par' dir='ltr' id='par_1_17' title="bbox 194 3863 1469 4166">
     <span class='ocr_line' id='line_1_32' title="bbox 239 3863 1465 3944; baseline 0.006 -18"><span class='ocrx_word' id='word_1_226' title='bbox 239 3865 273 3930; x_wconf 92' lang='grc' dir='ltr'>Ρ.</span> <span class='ocrx_word' id='word_1_227' title='bbox 301 3866 362 3926; x_wconf 84' lang='grc'>783</span> <span class='ocrx_word' id='word_1_228' title='bbox 387 3866 463 3941; x_wconf 90' lang='grc' dir='ltr'>μετὰ</span> <span class='ocrx_word' id='word_1_229' title='bbox 499 3867 562 3926; x_wconf 86' lang='grc' dir='ltr'>τῶν</span> <span class='ocrx_word' id='word_1_230' title='bbox 598 3863 721 3927; x_wconf 89' lang='grc' dir='ltr'>παίδων</span> <span class='ocrx_word' id='word_1_231' title='bbox 756 3867 917 3942; x_wconf 87' lang='grc' dir='ltr'>χορεῦσαι.</span> <span class='ocrx_word' id='word_1_232' title='bbox 955 3865 1039 3927; x_wconf 89' lang='grc'>1116</span> <span class='ocrx_word' id='word_1_233' title='bbox 1075 3865 1350 3944; x_wconf 86' lang='grc' dir='ltr'>συσπλαγχνεύετε</span> <span class='ocrx_word' id='word_1_234' title='bbox 1385 3868 1465 3941; x_wconf 87' lang='grc' dir='ltr'>μετὰ</span> 
     </span>
     <span class='ocr_line' id='line_1_33' title="bbox 194 3968 1469 4055; baseline 0.001 -21"><span class='ocrx_word' id='word_1_235' title='bbox 194 3977 270 4053; x_wconf 82' lang='grc' dir='ltr'>νῷν.</span> <span class='ocrx_word' id='word_1_236' title='bbox 298 3973 381 4033; x_wconf 87' lang='grc'>1132</span> <span class='ocrx_word' id='word_1_237' title='bbox 405 3968 537 4033; x_wconf 85' lang='grc' dir='ltr'>διέλκων</span> <span class='ocrx_word' id='word_1_238' title='bbox 561 3969 625 4047; x_wconf 84' lang='grc' dir='ltr'>μετ’</span> <span class='ocrx_word' id='word_1_239' title='bbox 652 3971 778 4046; x_wconf 83' lang='grc' dir='ltr'>ἀνδρῶν</span> <span class='ocrx_word' id='word_1_240' title='bbox 803 3971 936 4048; x_wconf 85' lang='grc' dir='ltr'>ἑταίρων</span> <span class='ocrx_word' id='word_1_241' title='bbox 967 3972 1081 4050; x_wconf 87' lang='grc' dir='ltr'>φίλων.</span> <span class='ocrx_word' id='word_1_242' title='bbox 1122 3973 1203 4035; x_wconf 88' lang='grc'>1156</span> <span class='ocrx_word' id='word_1_243' title='bbox 1240 3971 1284 4047; x_wconf 87' lang='grc' dir='ltr'>ιῦς</span> <span class='ocrx_word' id='word_1_244' title='bbox 1308 3971 1347 4033; x_wconf 86' lang='grc' dir='ltr'>ἂν</span> <span class='ocrx_word' id='word_1_245' title='bbox 1370 3971 1469 4055; x_wconf 83' lang='grc' dir='ltr'>ἐμπίῃ·</span> 
     </span>
     <span class='ocr_line' id='line_1_34' title="bbox 195 4075 821 4166; baseline 0.002 -26"><span class='ocrx_word' id='word_1_246' title='bbox 195 4075 261 4157; x_wconf 84' lang='grc' dir='ltr'>μεθ’</span> <span class='ocrx_word' id='word_1_247' title='bbox 287 4078 387 4156; x_wconf 86' lang='grc' dir='ltr'>ἡμῶν.</span> <span class='ocrx_word' id='word_1_248' title='bbox 818 4159 821 4166; x_wconf 27' lang='grc' dir='ltr'>Ι</span> 
     </span>
    </p>

    <p class='ocr_par' dir='ltr' id='par_1_18' title="bbox 239 4182 832 4262">
     <span class='ocr_line' id='line_1_35' title="bbox 239 4182 832 4262; baseline -0.007 -13"><span class='ocrx_word' id='word_1_249' title='bbox 239 4184 274 4252; x_wconf 89' lang='lat' dir='ltr'>L.</span> <span class='ocrx_word' id='word_1_250' title='bbox 299 4189 361 4249; x_wconf 87' lang='grc'>349</span> <span class='ocrx_word' id='word_1_251' title='bbox 387 4185 497 4262; x_wconf 91' lang='grc' dir='ltr'>φέρειν</span> <span class='ocrx_word' id='word_1_252' title='bbox 520 4182 607 4261; x_wconf 86' lang='grc' dir='ltr'>ὕδωρ</span> <span class='ocrx_word' id='word_1_253' title='bbox 632 4182 699 4261; x_wconf 86' lang='grc' dir='ltr'>μεθ’</span> <span class='ocrx_word' id='word_1_254' title='bbox 731 4183 832 4262; x_wconf 75' lang='grc' dir='ltr'>ἡμῶν.</span> 
     </span>
    </p>

    <p class='ocr_par' dir='ltr' id='par_1_19' title="bbox 239 4286 854 4369">
     <span class='ocr_line' id='line_1_36' title="bbox 239 4286 854 4369; baseline 0 -16"><span class='ocrx_word' id='word_1_255' title='bbox 239 4291 280 4355; x_wconf 88' lang='lat' dir='ltr'>R.</span> <span class='ocrx_word' id='word_1_256' title='bbox 306 4293 367 4354; x_wconf 89' lang='grc'>697</span> <span class='ocrx_word' id='word_1_257' title='bbox 393 4286 459 4368; x_wconf 88' lang='grc' dir='ltr'>μεθ’</span> <span class='ocrx_word' id='word_1_258' title='bbox 485 4291 854 4369; x_wconf 87' lang='grc' dir='ltr'>ῦμιῦν-ἐναυμάχησαν.</span> 
     </span>
    </p>

    <p class='ocr_par' dir='ltr' id='par_1_20' title="bbox 238 4396 957 4477">
     <span class='ocr_line' id='line_1_37' title="bbox 238 4396 957 4477; baseline 0 -13"><span class='ocrx_word' id='word_1_259' title='bbox 238 4401 297 4464; x_wconf 82' lang='lat' dir='ltr'>Ec.</span> <span class='ocrx_word' id='word_1_260' title='bbox 325 4402 386 4462; x_wconf 90' lang='grc'>123</span> <span class='ocrx_word' id='word_1_261' title='bbox 411 4400 619 4477; x_wconf 84' lang='grc' dir='ltr'>περιδήσομαι</span> <span class='ocrx_word' id='word_1_262' title='bbox 643 4397 741 4475; x_wconf 87' lang='grc' dir='ltr'>καύτὴ</span> <span class='ocrx_word' id='word_1_263' title='bbox 767 4396 834 4477; x_wconf 86' lang='grc' dir='ltr'>μεθ’</span> <span class='ocrx_word' id='word_1_264' title='bbox 858 4397 957 4476; x_wconf 89' lang='grc' dir='ltr'>ῦμιῦν.</span> 
     </span>
    </p>

    <p class='ocr_par' dir='ltr' id='par_1_21' title="bbox 195 4503 1468 4691">
     <span class='ocr_line' id='line_1_38' title="bbox 241 4503 1468 4590; baseline -0.002 -19"><span class='ocrx_word' id='word_1_265' title='bbox 241 4507 271 4590; x_wconf 83' lang='lat' dir='ltr'>o)</span> <span class='ocrx_word' id='word_1_266' title='bbox 296 4504 394 4569; x_wconf 82' lang='grc' dir='ltr'>Ρίατ.</span> <span class='ocrx_word' id='word_1_267' title='bbox 418 4510 449 4569; x_wconf 81' lang='lat' dir='ltr'>et</span> <span class='ocrx_word' id='word_1_268' title='bbox 471 4505 573 4587; x_wconf 72' lang='lat' dir='ltr'>einp:</span> <span class='ocrx_word' id='word_1_269' title='bbox 597 4503 645 4568; x_wconf 94' lang='lat' dir='ltr'>Pl.</span> <span class='ocrx_word' id='word_1_270' title='bbox 678 4508 741 4569; x_wconf 83' lang='lat'>614</span> <span class='ocrx_word' id='word_1_271' title='bbox 773 4505 962 4583; x_wconf 83' lang='grc' dir='ltr'>εὐωχεῖσθαι</span> <span class='ocrx_word' id='word_1_272' title='bbox 996 4507 1072 4583; x_wconf 91' lang='grc' dir='ltr'>μετὰ</span> <span class='ocrx_word' id='word_1_273' title='bbox 1109 4509 1173 4568; x_wconf 85' lang='grc' dir='ltr'>τῶν</span> <span class='ocrx_word' id='word_1_274' title='bbox 1200 4507 1322 4570; x_wconf 88' lang='grc' dir='ltr'>παίδων</span> <span class='ocrx_word' id='word_1_275' title='bbox 1354 4509 1410 4583; x_wconf 89' lang='grc' dir='ltr'>τῆς</span> <span class='ocrx_word' id='word_1_276' title='bbox 1433 4525 1468 4569; x_wconf 89' lang='grc' dir='ltr'>τε</span> 
     </span>
     <span class='ocr_line' id='line_1_39' title="bbox 195 4635 354 4691; baseline -0.013 -12"><span class='ocrx_word' id='word_1_277' title='bbox 195 4635 354 4691; x_wconf 89' lang='grc' dir='ltr'>γυναικος.</span> 
     </span>
    </p>
   </div>
   <div class='ocr_carea' id='block_1_5' title="bbox 0 0 1685 5372">
    <p class='ocr_par' dir='ltr' id='par_1_22' title="bbox 0 0 1685 5372">
     <span class='ocr_line' id='line_1_40' title="bbox 0 0 1685 5372; baseline 0 0"><span class='ocrx_word' id='word_1_278' title='bbox 0 0 1685 5372; x_wconf 95' lang='lat' dir='ltr'> </span> 
     </span>
    </p>
   </div>
  </div>
 </body>
</html>
