3326 5372
805 486 996 548 -192-

318 653 426 737 Longe
450 652 624 720 alienatio
649 658 700 717 est
723 650 789 718 ioci

320 764 375 826 Αν.
403 764 485 826 1112
510 765 703 826 τῶν-θεῶν
737 765 893 839 τις-τῶν
927 763 1014 838 παρὰ
1048 765 1105 825 τοῦ
1132 762 1435 846 Διὸς-εἰσέπτετο,
1458 763 1540 844 quod

275 867 562 932 1111111111111111
588 871 639 934 eet
661 885 720 949 pro
744 873 809 932 τῶν
831 871 919 946 παρὰ
942 876 986 952 τῷ
1010 868 1062 933 Διὶ
1085 871 1171 948 παρὰ
1194 873 1249 934 τοῦ
1275 869 1357 947 Διὸς
1380 869 1541 934 εἰσέπτετο

149 1055 151 1072 Ι
276 974 527 1057 (1111111,
557 976 621 1056 ιο).

320 1081 368 1146 Dc
395 1081 451 1146 Th.
483 1082 653 1149 11101111
680 1101 778 1165 supra
802 1081 951 1150 diximus.

558 1402 593 1468 Ο.
617 1386 752 1482 Παρά,
778 1405 921 1470 cecc.
947 1405 1262 1484 coniunctum,

322 1627 347 1689 1.
375 1623 492 1692 Loooie'
514 1627 760 1712 significatione,
787 1618 833 1695 eu¹
848 1631 957 1696 verbis
981 1631 1129 1697 monendi
1154 1649 1359 1714 suspensum,

322 1733 355 1814 1)
379 1733 561 1800 Personam
575 1738 707 1814 indicat,
722 1737 766 1801 ori
780 1757 875 1820 quom
892 1735 1014 1820 aliquid
1029 1744 1179 1804 movetur
1193 1738 1246 1820 (cf.
1261 1739 1394 1804 Bachm.
1407 1758 1438 1821 p.
1456 1742 1543 1824 114).

319 1840 360 1904 N.
386 1843 451 1905 853
476 1847 776 1923 παρελθὼν-παρὰ
797 1846 874 1922 τοὺς
897 1850 1050 1924 γηγενεῖς.

320 1945 355 2015 Ρ,
381 1949 445 2012 884
469 1947 556 2025 ἄγειν
578 1955 651 2028 παρ’
675 1951 781 2016 αὑτόν.

319 2058 376 2120 Αν.
402 2061 443 2122 46
470 2056 653 2136 ὁ-στόλος
677 2066 743 2144 νῷν
766 2060 832 2123 ἐστι
855 2061 942 2136 παρὰ
964 2059 1021 2122 τὸν
1037 2058 1151 2136 Τηρέα,
1171 2057 1224 2122 ubi
1242 2058 1359 2135 στόλος
1375 2058 1442 2122 ἐστί
1458 2059 1542 2124 idem

275 2169 326 2226 est
351 2165 438 2246 quod
461 2168 673 2245 πορευόμεθα.
711 2169 773 2232 333
797 2167 1057 2246 παρέβαλε-ἐμὲ
1091 2167 1177 2243 παρὰ
1200 2165 1294 2241 γένος
1319 2165 1462 2242 ἀνόσιον,
1491 2167 1543 2248 qui

274 2269 366 2336 locus
392 2278 566 2354 corruptus
603 2291 676 2339 esse
697 2273 838 2338 videtur:
863 2293 890 2338 v.
916 2271 1014 2336 Mein.
1039 2270 1134 2336 Vind.
1158 2289 1190 2352 p.
1216 2274 1256 2334 81
1281 2276 1314 2334 et
1337 2271 1488 2353 Bloydes.
1506 2272 1543 2336 ad

274 2375 304 2438 h.
330 2377 352 2440 l.
377 2381 442 2442 844
466 2379 758 2459 κήρυκα-πέμψον
780 2420 783 2425 -
803 2400 878 2457 παρ’
900 2379 963 2458 ἐμέ.
999 2380 1061 2443 992
1087 2383 1120 2442 et
1147 2378 1229 2442 1039
1261 2377 1330 2456 ἥκω
1353 2394 1428 2456 παρ’
1451 2379 1541 2458 ὑμᾶς.

195 2515 197 2520 ·
279 2486 360 2548 1269
384 2489 473 2564 παρὰ
496 2488 572 2565 τοὺς
597 2489 732 2567 βροτοὺς
756 2487 932 2566 οἰχόμενον.

318 2593 376 2660 Ec.
402 2599 463 2660 695
489 2598 584 2674 δεθρο
607 2615 681 2673 παρ’
703 2595 795 2674 ἡμᾶς,
818 2593 873 2658 ubi
897 2611 926 2657 ν.
941 2583 1103 2658 'movendi
1127 2592 1267 2658 auditur.

317 2699 401 2766 Huc*
415 2701 554 2770 fortasse
579 2701 722 2783 pertinet
744 2700 836 2766 locus

319 2809 375 2872 Αν.
401 2811 465 2872 846
490 2810 588 2874 αὐτοῦ
623 2810 727 2889 μένων
751 2808 867 2887 οἴμωζε
894 2826 969 2884 παρ’
992 2808 1054 2886 ἐμέ,
1079 2806 1113 2872 11
1137 2824 1200 2889 quo
1225 2805 1416 2887 explicando
1442 2807 1542 2872 inter·

274 2919 383 2993 preces
419 2917 504 2981 inter
539 2935 574 2982 se
609 2935 672 2981 non
708 2915 926 2982 consentiunt.
967 2913 1150 2983 Brunckius
1187 2913 1285 2991 enirn,
1305 2914 1433 2982 duobus
1458 2915 1540 2980 locis

273 3021 433 3086 Plautinis
474 3023 612 3102 collatis,
653 3023 717 3088 ista
754 3023 990 3104 interpretatur
1029 3039 1122 3102 „mea
1161 3025 1280 3087 11111ις
1307 3015 1362 3106 (τ’.
1382 3041 1462 3104 „nro
1489 3040 1541 3087 1ο·

272 3146 390 3194 caercn
414 3146 454 3204 1ο
478 3147 577 3208 uene,
602 3147 642 3193 no
665 3129 784 3210 unisti,
809 3128 965 3210 quaevis
990 3147 1009 3192 a
1032 3127 1276 3210 praepositione
1310 3129 1399 3207 παρά
1433 3128 1548 3200 aliena

271 3253 345 3300 csse
369 3234 497 3301 videtur
521 3237 564 3320 (ν.
589 3237 717 3316 Koch).
753 3236 899 3302 Kockius
923 3237 1025 3301 ἐλθών
1059 3233 1167 3300 audiri
1190 3235 1288 3312 iubet,
1313 3240 1351 3300 ut
1375 3235 1539 3301 sententia

272 3344 316 3406 sit
339 3345 424 3422 δεῦρ’
448 3345 513 3410 ἔλθ’
534 3345 587 3409 ἵνα
611 3345 718 3428 κλάῃς.
754 3343 817 3409 Sed
839 3343 901 3408 huc
926 3361 999 3408 cunr
1034 3344 1133 3408 αὐτοῦ
1163 3343 1267 3422 μένων
1290 3359 1355 3407 non
1380 3343 1539 3424 congruit.

271 3448 487 3516 Mihiomnia
511 3451 608 3533 plana
631 3453 700 3516 fore
725 3450 887 3526 videntur,
906 3450 933 3515 si
960 3452 1046 3528 παρά
1071 3451 1184 3515 eodem
1210 3465 1309 3514 sensu
1327 3448 1539 3531 accipiamus,

271 3574 335 3636 quo
359 3559 439 3637 πρός
463 3558 495 3624 in
520 3562 559 3624 Α.
586 3561 670 3623 1032
695 3563 769 3623 κλᾶε
804 3558 886 3636 πρὸς
917 3559 992 3635 τοὺς
1016 3559 1185 3622 Πιττάλουτ
1213 3555 1303 3637 „ipse
1328 3555 1381 3620 hic
1406 3575 1540 3621 manens
1642 3629 1643 3652 1

272 3663 364 3726 rnitte
389 3663 500 3731 fletum
525 3672 617 3730 tuum
639 3665 678 3730 ad
703 3665 786 3729 me“:
806 3669 843 3729 ut
865 3664 1076 3730 Pithetaerus
1100 3663 1295 3745 Euelpidern
1321 3664 1361 3727 sd
1385 3681 1423 3728 se
1445 3681 1540 3744 prae·
1642 3659 1643 3678 ¹

272 3789 396 3850 cenem,
421 3768 467 3837 ita
490 3773 544 3838 hic
568 3772 722 3838 illum'ad
747 3791 782 3838 se
806 3771 918 3837 fletum
942 3772 1074 3836 mittere
1101 3771 1200 3837 iubet.
1224 3773 1320 3850 Παρά
1343 3776 1454 3836 eutem
1479 3789 1538 3854 pro

270 3881 351 3959 πρός
376 3878 458 3943 dixit
479 3881 607 3957 παίζων,
627 3881 732 3957 ἐπειδὴ
758 3879 844 3945 εἶπεν
868 3880 954 3964 αὐτῷ
978 3875 1052 3958 παρ’
1077 3879 1130 3959 ἑμέ
1154 3879 1198 3962 (ν.
1224 3882 1288 3943 844
1312 3883 1344 3942 et
1368 3879 1459 3962 845).

315 3986 348 4069 2)
373 3986 487 4052 Altera
511 3985 706 4069 significatio
725 3988 811 4065 παρά
835 3985 1100 4068 praepositionis
1125 4004 1152 4050 c.
1178 4003 1246 4050 acc.
1271 3987 1474 4065 coniunctae,
1489 3989 1540 4050 est

275 4091 392 4172 „iuxta
406 4094 502 4177 apud,
518 4097 729 4171 secundnm“‚
745 4112 817 4158 curn
843 4113 896 4157 res
912 4093 962 4158 vei
974 4113 1117 4173 persono
1140 4093 1315 4172 indicatur,
1332 4093 1426 4158 tuoto
1442 4109 1535 4174 qnam

273 4201 321 4265 111
347 4202 378 4266 11
405 4203 499 4268 cuins
522 4202 690 4268 vicinitate
715 4201 836 4283 aliquid
860 4207 912 4265 est
937 4201 986 4264 vel
1010 4197 1048 4264 fit
1074 4201 1125 4264 vel
1150 4204 1310 4264 movetur.

315 4311 347 4394 a)
372 4309 419 4374 Ac
442 4311 581 4392 primunr
610 4309 751 4375 omniurn
770 4310 809 4374 da
826 4308 935 4373 verbis
950 4308 1110 4383 ἵστασθαι,
1127 4310 1277 4386 τίθεσθαι,
1292 4307 1417 4373 ἕζεσθαι
1433 4322 1535 4386 pauca

270 4419 509 4497 pnnornonenda
543 4419 703 4484 videntur.
744 4415 834 4493 Qunc
872 4434 944 4480 curn
978 4427 1012 4479 et
1035 4420 1142 4480 motus
1167 4418 1201 4477 ot
1224 4413 1345 4495 quietis
1369 4412 1533 4479 notionem

271 4523 419 4604 11111111,
434 4525 596 4591 interdum
621 4523 753 4590 difficile
777 4522 867 4587 dictu
892 4527 1039 4609 cstputro
1063 4541 1161 4590 sensu
1185 4522 1271 4599 παρά
1296 4540 1322 4585 1.
1348 4539 1426 4597 acc,
1441 4537 1479 4584 cx
1495 4517 1532 4582 iis

272 4649 476 4714 suspensum,
490 4634 712 4716 accipiendum
738 4631 791 4697 sit:
809 4631 887 4710 „ad“
903 4651 942 4697 an
960 4630 1096 4711 „opud‘t
1114 4629 1219 4709 Atque
1236 4631 1337 4693 verbo
1353 4629 1533 4692 ἵστασθαι
