3328 5370
805 391 982 453 ,30-

299 556 358 620 Av.
387 559 471 622 1094
495 558 627 636 φύλλων
650 578 685 622 τε
710 558 840 633 κόλποις
874 555 1000 622 involo:
1030 555 1112 620 haec
1136 571 1153 618 e
1178 554 1313 638 Bergkii
1337 553 1543 622 coniectura

252 662 448 736 ¹illeinekeus
482 663 517 728 in
547 662 732 744 exemplum
771 662 907 744 recepit,
933 679 1007 726 cnm
1043 660 1120 728 libri
1145 660 1304 744 scriptum
1327 661 1471 726 habeant
1494 660 1542 724 ἐν

253 770 385 847 ,κόλποις
409 769 523 835 ἐνναίω
548 774 679 850 praeter
704 768 810 834 solum
836 765 871 845 O,
899 767 955 862 ubi
979 768 1013 856 ἐν
1038 767 1167 844 κόλποις
1191 767 1269 834 ναίω
1294 767 1424 848 legitur,
1443 765 1542 848 quod

254 875 411 950 Kockius,
428 875 620 958 Blaydesins
646 874 701 939 alii
724 880 932 957 receperunt.
957 872 1023 939 Sed
1046 872 1180 956 Bergkii
1217 874 1408 940 coniectura
1431 891 1537 955 prae·
1649 925 1650 933 ,

253 981 400 1054 ,υίαιιλίοτ
424 980 504 1046 mihi
527 981 668 1046 videtur:
692 978 802 1062 potius
827 979 914 1045 enim
943 977 1213 1060 interpolatorem
1248 977 1358 1044 dativo
1388 980 1538 1058 κόλποις,

256 1106 352 1170 quam
377 1090 479 1153 verbo
503 1088 582 1153 ναίω
619 1088 654 1151 ἐν
677 1085 841 1153 addidisse
866 1085 1073 1152 crediderim.
1097 1084 1180 1148 Vide
1204 1090 1315 1150 tamen
1341 1084 1536 1168 Bambergii

259 1199 354 1278 1885,
378 1215 408 1276 p.
435 1201 464 1274 5,
490 1194 545 1277 qui
570 1194 604 1260 in
620 1194 668 1260 Pl.
688 1197 751 1262 845
767 1194 990 1259 Ravennatem
1006 1192 1280 1274 ωαλυένεμυήθης
1302 1211 1363 1275 pro
1388 1188 1538 1276 simplici

256 1303 395 1383 ἐμυήθης
420 1300 574 1366 exhihere
601 1300 818 1366 demonstrat.

300 1410 359 1474 Av.
387 1411 471 1475 1735
497 1408 616 1493 (chor.)
640 1407 1074 1492 Ἥρᾳ-ἄρχοντα-Μοίμαι
1090 1409 1310 1487 ξυνεκοίμισαν
1330 1406 1435 1490 τοιῷδ’
1457 1407 1535 1487 ὑμε-

255 1517 346 1604 volup:
371 1516 404 1582 in
427 1514 522 1582 libris
538 1514 646 1580 dativo
670 1513 777 1597 τοιῷδ>
799 1517 850 1594 ὑμ.
875 1513 1064 1580 adiunctum
1088 1519 1139 1579 est
1163 1515 1207 1591 ἐν,
1225 1513 1312 1598 quod
1335 1531 1408 1579 cum
1424 1531 1534 1596 neque

256 1641 314 1704 per
349 1641 384 1687 se
407 1622 516 1703 ipsum
541 1621 718 1705 quidquam
742 1619 931 1687 offensionis
959 1619 1091 1698 babeat,
1115 1625 1148 1686 et
1170 1638 1269 1685 versu
1289 1618 1533 1701 antistrophico

258 1732 340 1794 1741
367 1733 424 1808 τῆς
447 1727 472 1794 τ’
496 1727 686 1807 εὐδαίμονος
709 1726 811 1806 Ἥρας
836 1727 896 1811 (ita
920 1726 1007 1792 enim
1031 1728 1065 1794 iu
1089 1727 1260 1793 codicibus
1284 1726 1421 1812 legitur)
1447 1726 1531 1792 satis

256 1835 457 1912 defendatur,
481 1841 607 1900 temere
640 1834 721 1900 mibi
756 1835 887 1900 videtur
922 1834 1091 1900 Dawesius
1128 1842 1161 1899 et
1196 1834 1252 1916 qui
1288 1852 1361 1899 eum
1394 1837 1531 1899 secutus

256 1949 308 2007 est
341 1941 530 2008 Meinekeus
561 1944 661 2007 metri
699 1959 798 2006 causa
823 1942 857 2007 in
880 1962 909 2006 ν.
937 1945 1022 2008 1735
1048 1941 1327 2024 praepositionem
1353 1940 1530 2018 delevisse,

256 2049 291 2117 in
314 2069 343 2113 v.
376 2052 455 2113 1741
487 2053 597 2115 autem
623 2054 679 2128 τῆς
710 2049 735 2113 τ’
759 2049 950 2128 εὐδαίμονος
974 2049 1007 2112 in
1030 2048 1240 2127 κεύδαίμονος
1263 2054 1419 2113 mutasse.
1450 2046 1530 2110 Nam

256 2156 427 2222 Dawesius
463 2156 502 2222 de
526 2155 587 2222 hoc
621 2156 697 2220 loco
734 2155 782 2222 sic
819 2156 976 2237 disputat.
1010 2154 1146 2238 ,Ultimi
1173 2155 1237 2219 duo
1261 2172 1389 2229 versus,
1415 2151 1528 2237 inquit,

253 2261 354 2338 metri
378 2262 467 2344 leges
491 2262 626 2330 violant.
653 2262 851 2329 Huiusmodi
877 2263 992 2345 utique
1017 2266 1230 2344 systematum
1255 2280 1295 2325 ea
1319 2265 1370 2325 est
1392 2260 1532 2337 indoles,

149 2442 151 2446 ,
255 2375 294 2434 ut
315 2369 442 2452 primae
480 2370 624 2454 syllabae
659 2369 823 2434 communi
859 2369 1063 2434 subiciantur
1094 2370 1128 2435 in
1151 2367 1301 2433 versibus
1338 2367 1530 2432 acatalectis

257 2476 405 2558 dactylus
429 2478 463 2540 et
486 2477 637 2555 creticus
653 2477 687 2541 in
705 2475 907 2542 catalecticis
925 2476 1071 2558 dactylus
1088 2479 1121 2541 et
1137 2475 1313 2556 spondeus.
1328 2473 1401 2540 Hoc
1418 2479 1528 2539 antem

257 2588 399 2648 metrum
424 2600 538 2647 eorum
562 2582 597 2648 in
620 2600 757 2648 numero
784 2582 887 2662 venit,
901 2600 1040 2665 quornm
1064 2582 1189 2647 ultimis
1206 2582 1339 2664 syllabis
1353 2583 1441 2648 nulla
1457 2601 1531 2666 per·

256 2689 359 2756 missa
383 2694 434 2755 est
456 2689 603 2770 licentia,
625 2695 860 2772 praeterquam
885 2690 918 2754 in
942 2691 1088 2756 clausula
1113 2691 1315 2756 catalectica.
1332 2692 1440 2774 Atque
1460 2709 1531 2755 ver-

251 2813 313 2862 ·sus
339 2801 476 2878 quartus
501 2795 618 2860 cretici
641 2796 715 2860 loco
738 2793 926 2878 tribrachyn
951 2796 1038 2880 [nam
1062 2796 1214 2862 inlibris
1249 2796 1371 2880 legitur
1403 2794 1532 2862 ξυνεκό-

254 2903 365 2984 μισαν]
389 2902 517 2966 duobus
541 2903 746 2984 temporibus
771 2903 930 2968 minorem
954 2901 1108 2986 praefert.
1127 2902 1271 2970 Ultimus
1291 2904 1453 2969 eiusmodi
1471 2909 1531 2987 cst,

258 3007 352 3075 cuius
388 3005 557 3090 propiium
594 3027 668 3076 esse
706 3008 803 3074 video
839 3008 927 3074 aliud
959 3028 1110 3076 versuum
1138 3014 1282 3095 systema
1307 3010 1476 3096 claudere,
1495 3009 1530 3076 in

256 3116 376 3198 quibus
413 3113 543 3182 scilicet
578 3117 725 3200 dactylus
760 3135 832 3184 cum
859 3116 982 3182 cretico
1008 3135 1073 3182 non
1095 3116 1160 3181 iam
1185 3117 1329 3200 syllabae
1354 3117 1530 3194 communi,

257 3222 317 3290 sed
342 3221 488 3303 spondeo
512 3223 564 3288 vel
588 3225 743 3290 trochaeo
769 3225 986 3306 subiungitur:
1013 3219 1199 3288 cuiusmodi
1225 3229 1274 3289 est
1296 3224 1373 3288 lulii
1391 3231 1424 3289 et
1439 3224 1533 3290 Man·

230 3409 233 3418 ι
257 3329 320 3400 λίνα
345 3329 473 3411 [Manlii
496 3335 529 3394 et
554 3329 685 3416 Juniae]
722 3330 969 3412 epithalamium
999 3346 1018 3392 a
1042 3329 1173 3395 Catullo
1208 3331 1441 3412 conscriptum,
1468 3329 1531 3400 nisi

257 3436 344 3518 quod
366 3436 411 3501 ibi
435 3436 562 3518 primus
586 3455 822 3520 nonnunquam
846 3454 905 3518 pes
921 3435 1048 3502 iambus
1065 3436 1268 3502 adhibeatur.
1289 3437 1413 3504 Eodem
1433 3439 1531 3504 etiam

258 3543 389 3608 nomine
414 3549 608 3626 corruptum
635 3549 697 3622 est,
723 3543 810 3626 quod
833 3543 1059 3625 antistrophen
1096 3543 1230 3611 claudit:
1254 3549 1313 3624 τῆς
1336 3545 1362 3608 τ’
1386 3545 1532 3626 εὐδαίμο-

258 3670 316 3727 νος
339 3649 452 3729 Ἥρας.
471 3649 524 3717 Sic
549 3635 797 3716 rescribendum
815 3667 998 3716 censemus:
1014 3650 1098 3734 Ἥρᾳ
1113 3649 1184 3717 ποτ’
1210 3647 1532 3736 Ὀλυμπίᾳ-Μοῑρυι

257 3757 478 3836 ξυνεκοίμισαν
512 3755 611 3840 (idem
648 3756 755 3822 cubile
790 3758 969 3824 ascendere
1007 3755 1171 3838 fecerunt)
1192 3756 1197 3845 Ι
1217 3758 1330 3843 Τοιῷδ’
1358 3761 1531 3846 ὑμεναίῳ...

258 3863 351 3930 Istud
376 3869 486 3928 autem
510 3861 615 3946 τοιῷδ’
650 3866 699 3943 bn.
724 3865 846 3932 rcctius
872 3864 937 3929 dici
962 3883 1057 3949 quarn
1081 3867 1115 3929 ἐν
1136 3863 1242 3952 τοιῷδ’
1267 3867 1317 3945 ὑμ.
1343 3883 1439 3931 nemo
1464 3885 1532 3933 non

259 3979 427 4060 agnoscet,
451 3973 516 4040 nisi
540 3973 653 4055 quiin
678 3972 805 4040 Graeco
830 3991 979 4040 sermone
1005 3972 1049 4036 sit
1072 3971 1201 4054 hospes.
1237 3972 1453 4055 Antistrophe
1478 3975 1532 4040 de·

257 4078 356 4161 nique
382 4079 430 4148 sic
455 4080 635 4145 claudenda
671 4088 729 4146 est:
765 4081 972 4159 κεύδαίμονος
996 4081 1032 4162 (i.
1050 4078 1086 4144 e.
1111 4084 1161 4145 καὶ
1190 4081 1271 4160 edo.)
1294 4077 1429 4160 “eoogl.
1456 4083 1531 4146 Duo

257 4185 359 4268 igitur
384 4192 468 4263 sunt,
494 4202 577 4268 quae
613 4186 666 4250 hic
700 4185 884 4254 Dawesium
916 4184 1089 4253 offendunt:
1113 4186 1223 4251 brevis
1247 4186 1363 4252 ultima
1387 4188 1420 4252 in
1444 4195 1531 4255 ξυνε-

258 4293 404 4372 κοίμισαν
429 4298 463 4358 et
487 4293 620 4375 quintus
644 4310 761 4360 versus
785 4293 826 4358 ad
850 4293 940 4359 aliud
968 4298 1110 4377 systema
1132 4294 1314 4375 pertinens.
1338 4293 1387 4356 De
1412 4294 1464 4360 his
1481 4314 1531 4360 re·

258 4400 319 4468 bus
344 4417 417 4465 cum
442 4398 500 4464 Th.
527 4398 732 4480 Corschium,
756 4400 1008 4466 dilectissimum
1045 4401 1239 4482 magistrum
1268 4418 1386 4479 meum,
1413 4419 1530 4468 consu·

258 4504 373 4585 ierem,
396 4502 479 4571 haec
504 4504 584 4570 mihi
607 4506 658 4570 vir
683 4505 893 4571 doctissimus
917 4504 1098 4586 respondit:
1127 4503 1181 4586 ,Si
1204 4504 1255 4570 dis
1278 4507 1397 4587 placet,
1415 4506 1532 4590 inquit,
