3328 5370
602 475 867 534 .-25-

174 640 212 706 P.
235 643 301 708 445
326 640 362 706 ἐν
384 643 488 704 ταῖσιν
511 640 624 720 μάχαις
650 639 770 718 πάσχοι
803 640 947 705 τοιαῦτα.
987 639 1072 702 1190
1107 638 1200 718 ὄντες
1235 640 1317 706 οἴκοι
1354 642 1413 726 μὲν

129 751 268 827 λέοντες,
294 748 329 813 ἐν
354 747 435 833 μάχη
460 745 489 810 δ’
513 747 687 823 ἀλώπεκες.

173 856 394 932 πάλεμοςι
419 857 456 918 Α.
485 855 546 918 651
572 852 630 918 κάν
653 857 697 938 τυῙι
721 853 852 936 πολέμῳ
875 853 1027 932 νικήσειν,
1053 851 1110 917 ubi
1134 851 1194 918 κάν
1232 852 1412 940 οΒΙοχάο-
1528 909 1531 914 ,

128 961 184 1030 sio
208 967 300 1028 reete
324 977 385 1044 pro
410 961 461 1026 καί
483 957 642 1026 librorum
666 959 858 1026 restitutum
883 965 944 1025 est.

177 1069 240 1135 Ee.
264 1073 325 1134 619
350 1069 426 1148 τούς
451 1069 619 1148 ἀνδρείους
641 1069 676 1134 ἐν
698 1072 744 1151 ’τῷ
770 1069 910 1152 πολέμῳ.

180 1176 232 1241 Pl.
257 1177 318 1240 184
342 1176 600 1256 κρατοῦσι-κάν
623 1178 693 1254 τοῖς
715 1175 879 1253 πολέμοις.
1279 1251 1283 1260 .

179 1288 358 1363 προσβο
374 1283 436 1362 λάε
461 1283 499 1346 Ε.
525 1286 587 1348 389
612 1283 669 1350 ἐὰν
692 1283 761 1348 νυνὶ
784 1283 925 1365 μαλάξῃς
948 1282 1050 1350 αὐτὸν
1074 1284 1110 1348 ἐν
1132 1287 1167 1364 τῇ
1192 1303 1246 1362 πρ.

179 1392 389 1468 στρατιάς
413 1389 453 1454 Ε.
479 1393 542 1454 581
567 1410 597 1453 ν.
622 1389 715 1469 μάχη.

176 1495 239 1561 Th.
264 1499 327 1562 828
352 1498 388 1562 έν
410 1500 480 1575 ταῖς
505 1499 668 1574 στρατιαῖς
692 1496 834 1574 ἔρριπται
855 1497 893 1560 τὸ
918 1498 1092 1566 σκιάδειον.

178 1605 214 1685 5)
239 1602 325 1668 Huic
348 1604 426 1669 usui
448 1604 478 1670 is
500 1604 671 1686 proximus
695 1609 756 1680 esi,
782 1621 858 1668 enm
881 1607 1005 1686 tenpus
1029 1604 1235 1689 designatur,
1266 1622 1329 1686 qno
1354 1603 1414 1668 ali·

132 1710 214 1796 qnid
236 1708 284 1776 fit.
308 1711 415 1792 Atque
439 1709 494 1775 hic
517 1711 583 1777 tria
605 1728 726 1793 genera
759 1695 990 1777 discernimus:
1023 1730 1135 1789 unum,
1172 1729 1246 1776 eum
1280 1716 1412 1792 tempus

132 1817 311 1894 indicatur,
336 1815 431 1882 euius
455 1836 556 1883 unum
572 1816 624 1882 vel
639 1817 735 1899 plura
747 1823 914 1884 momenta
930 1817 1054 1900 aliquid
1071 1819 1168 1884 durat
1185 1815 1244 1902 (a),
1262 1817 1413 1898 alterum,

137 1943 211 1990 enm
234 1923 395 2005 temporis
420 1922 562 2004 spatium
586 1928 730 2000 notatur,
749 1943 814 2003 per
837 1924 924 2005 qued
961 1942 1055 1990 omne
1091 1923 1202 2006 aliqua
1237 1924 1325 1990 aetio
1359 1923 1412 1988 vei

136 2035 243 2099 status
266 2034 379 2094 manet
402 2029 462 2113 (b),
486 2029 633 2110 tertium,
658 2047 732 2096 cum
755 2031 915 2113 temporis
940 2031 1082 2114 spatium
1101 2031 1303 2114 designatur,
1320 2030 1414 2094 inira

136 2134 223 2220 quod
245 2133 373 2216 aliquid
395 2132 519 2200 factum
542 2140 593 2200 est
614 2133 671 2218 (e).
710 2199 714 2208 ,

180 2242 215 2324 a)
239 2241 278 2306 Ε.
303 2243 368 2306 420
393 2241 481 2318 κάγὼ
504 2241 531 2306 ’ν
554 2242 703 2326 τοσούτῳ
726 2246 791 2308 τῶν
815 2247 918 2320 κρεῶν
950 2206 1113 2321 ἔκλεπτον,
1149 2244 1236 2326 quod
1268 2244 1416 2310 Kockius

134 2348 327 2435 germanice
350 2347 452 2413 vertit
477 2349 531 2430 „in
553 2347 627 2412 dem
652 2346 774 2414 kurzen
797 2349 1034 2432 Augenblick“.

180 2456 219 2523 N.
244 2458 309 2520 310
334 2457 441 2522 θυσίαι
464 2456 569 2520 θαλίαι
590 2476 623 2520 τε
647 2460 868 2535 παντοδαπαῖς
892 2457 928 2522 ἐν
952 2459 1061 2538 ὥραις.
1089 2460 1174 2524 1008
1196 2457 1320 2543 (saep.)
1335 2457 1416 2538 ἦρος

136 2567 171 2630 ἐν
185 2565 258 2646 ὥρᾳ
278 2565 399 2644 χαίρων
416 2562 460 2646 (v.
478 2563 535 2627 Kr.
551 2562 578 2641 I,
595 2567 652 2647 48,
665 2565 695 2638 2,
713 2567 731 2628 7
735 2582 743 2628 :
758 2569 913 2668 χειμῶνος
930 2566 1000 2648 ὥρᾳ
1012 2569 1103 2631 πλεῖν
1121 2565 1256 2649 [Αυά.]).

180 2670 217 2736 Ρ.
243 2673 307 2734 272
333 2670 482 2735 ἀπόλωλε
497 2707 541 2716 -
556 2669 615 2735 κάν
652 2671 754 2734 δέοντι
789 2675 825 2752 τῇ
860 2672 959 2748 πόλει,
996 2671 1052 2736 nbi
1088 2671 1129 2736 ad
1162 2673 1265 2736 δέοντι
1300 2672 1418 2738 audias

140 2784 246 2860 καιρῷ.

181 2884 220 2948 R.
245 2884 287 2948 63
311 2883 453 2960 μυριάκις
470 2881 555 2946 -ἐν
585 2887 630 2964 τῷ
668 2883 724 2968 βίῳ
752 2882 955 2966 (ἐπεθύμησα
978 2884 1118 2966 ἔτνους).
1143 2886 1207 2948 243
1233 2884 1259 2948 εί
1281 2884 1320 2958 δή
1344 2882 1416 2950 ποτ’

137 2989 276 3068 εὐηλίοις
300 2989 335 3052 έν
359 2988 525 3066 ἁμέραισιν
562 2986 738 3064 ἡλάμεσθα.
773 2991 837 3052 358
873 2989 914 3068 μι)
946 2987 973 3054 ’ν
1009 2995 1107 3072 καιρῷ
1137 2991 1233 3053 τοῦτο
1267 2991 1418 3054 ποιοῦσιν

138 3097 425 3180 „intempestive“.

163 3202 242 3270 ·Ee.
268 3203 332 3266 243
356 3201 482 3279 ἐντοῖς
505 3197 827 3284 φυγαῖς-ᾤκησέν
851 3201 953 3266 Πυκνί
977 3201 1065 3284 quod
1091 3207 1143 3266 est
1167 3207 1338 3284 „tempore
1365 3199 1416 3266 iu-

137 3309 287 3394 garum“,
312 3307 340 3374 si
365 3309 479 3391 ᾤκησα
503 3306 645 3372 aoristus
658 3304 865 3371 inchoativus
884 3311 935 3371 esi
951 3305 1190 3396 (ndomieilinm
1209 3308 1418 3391 collocavi&

137 3417 191 3486 sin
214 3433 284 3482 σοι.
310 3413 509 3480 summarius
533 3412 832 3496 („habitavimus“),
857 3413 891 3477 ἐν
914 3417 984 3492 ταῖς
1007 3435 1044 3494 φ.
1068 3415 1110 3480 ad
1144 3415 1287 3481 alterum
1312 3433 1416 3498 genus

137 3521 346 3592 referendum
371 3524 432 3594 est,
456 3525 493 3583 ut
515 3518 622 3583 valeat
647 3535 727 3600 „per
743 3535 838 3582 omne
854 3515 1005 3601 fugarum
1021 3521 1173 3604 δουιρυτθ
1192 3519 1247 3602 (οῖ.
1267 3520 1305 3584 R.
1326 3522 1419 3603 931).

138 3631 289 3709 Quorum
313 3625 398 3691 illud
419 3624 499 3689 mihi
523 3613 737 3690 verisimilius
761 3624 903 3689 videtur.

182 3737 235 3802 Pl.
262 3739 304 3799 50
328 3733 446 3814 σφόδρ’
468 3733 539 3800 ἐστὶ
561 3732 733 3812 σύμφορον
755 3733 793 3796 τὸ
817 3734 916 3812 μηδὲν
941 3733 1054 3798 ἀσκεῖν
1093 3735 1178 3812 ὑγιές
1210 3733 1245 3799 ἐν
1278 3739 1323 3814 τῷ
1358 3736 1417 3798 νῦν

138 3843 248 3926 χρόνῳ
272 3840 357 3922 „hoe
380 3840 548 3920 tempore“
574 3838 627 3903 vel
653 3845 710 3920 „ut
730 3840 881 3918 tempora
904 3855 991 3905 nune
1008 3839 1103 3904 sunt“
1123 3837 1213 3923 (Β1.).
1233 3843 1316 3903 1127
1340 3843 1419 3904 πλα·

140 3953 276 4026 κοῦντος
289 3949 346 4012 τοῦ
364 3943 390 4011 ’ν
405 3947 529 4025 τετράδι
544 3946 756 4026 πεπεμμένου.
773 3942 955 4012 Elmsleius
970 3945 1025 4030 (ad
1049 3945 1129 4012 neh.
1155 3945 1232 4029 343)
1258 3949 1292 4009 et
1313 3943 1418 4010 Baeh-

140 4073 280 4122 mannus
312 4053 356 4137 (p.
392 4053 449 4132 95)
483 4057 577 4117 recte
610 4053 644 4117 in
672 4051 918 4136 praepositione
955 4051 1171 4120 offenderunt:
1198 4053 1307 4133 „solet
1330 4052 1419 4118 enim

140 4160 288 4244 simplici
311 4160 421 4226 dativo
446 4157 635 4242 significari,
660 4177 725 4241 quo
749 4159 871 4224 mensis
895 4158 949 4225 die
981 4158 1108 4242 aliquid
1144 4158 1205 4224 fiat
1240 4158 1282 4242 (κ.
1316 4158 1418 4242 Kriig.

140 4269 169 4348 Ι,
190 4271 244 4344 48,
270 4270 300 4346 2,
331 4266 384 4352 1)“
410 4267 608 4348 (sequuntur
631 4265 719 4347 apud
741 4263 778 4330 Β.
803 4266 978 4351 exempla).
1005 4265 1052 4331 Cf.
1076 4265 1117 4330 E.
1145 4268 1229 4330 1334
1246 4270 1280 4332 et
1295 4265 1334 4328 V.
1354 4267 1415 4326 711

141 4378 199 4446 τοῦ
225 4377 402 4453 Μαραθῶνι
415 4372 581 4452 τροπαίου,
599 4371 657 4437 ubi
673 4374 719 4448 ἐν,
744 4372 832 4454 quod
855 4379 930 4438 ante
955 4372 1134 4452 Μαραθῶνι
1154 4372 1224 4453 (τοῦ
1243 4372 1283 4452 ’ν)
1309 4372 1341 4436 in
1366 4387 1420 4436 co-

143 4483 270 4551 dicibus
293 4482 425 4566 legitur,
449 4499 468 4546 a
492 4479 643 4547 Bentleio
668 4479 833 4546 sublatum
853 4485 914 4548 est.

189 4590 262 4658 Huc
285 4589 431 4672 pertinet
453 4590 488 4654 ἐν
511 4588 591 4672 ὥρᾳ,
616 4587 704 4670 quod
731 4585 784 4669 „in
808 4593 967 4676 tempore,
991 4592 1130 4666 mature,
1154 4603 1214 4652 suo
1236 4588 1419 4668 temp01·e“.

145 4696 308 4762 interdum
332 4697 431 4761 etiam
461 4694 596 4776 „mane“
622 4691 719 4784 κηλεῖ.
