3328 5370
641 505 813 566 ..61-

84 669 163 752 quin
191 672 330 754 antiqui
352 673 552 756 interpretes
584 673 686 740 multo
719 675 855 757 propius
884 675 924 740 ari
960 675 1133 758 scriptoris
1168 677 1369 744 voluntatem

82 779 312 860 accesserint
336 797 408 846 num
435 783 498 848 etsi
523 799 562 846 eu
593 782 642 848 uis
672 782 784 848 verbo·
804 798 965 866 nusquam
985 783 1078 850 ¹aliti
1095 783 1262 852 'subiecta
1296 801 1370 851 esse

82 883 373 966 crustuminum
401 891 566 957 sententie
598 889 664 955 lori
692 889 784 956 valde
813 889 1059 958 commendatur
1080 891 1135 980 (V.
1168 891 1236 958 sch.
1267 893 1320 956 αι’
1341 908 1370 956 r.

86 997 155 1077 36).
173 993 254 1061 Nee
279 996 493 1064 mediocriter
515 998 593 1064 huie
615 999 882 1084 interpretationi
905 999 991 1069 ieret
1016 999 1209 1068 vocabulum
1234 1019 1371 1082 σχοινιο-

89 1104 291 1182 συμβολεύς,
316 1104 402 1186 qnod
425 1105 541 1171 Pollux
561 1103 653 1193 (vll,
679 1105 756 1191 160)
780 1107 1018 1190 interpretatur
1041 1111 1070 1172 οι
1091 1111 1132 1174 τὰ
1163 1111 1288 1188 σχοινία
1322 1111 1373 1173 καὶ

92 1211 170 1287 τοὺς
192 1213 337 1291 κλάδους
360 1216 542 1292 πλέκοντες,
567 1214 622 1278 ubi
646 1212 681 1278 L.
707 1212 894 1279 Dindorfius
919 1213 1030 1298 (Thes.
1054 1233 1084 1280 v.
1109 1211 1181 1293 VII,
1213 1231 1245 1298 p.
1274 1202 1372 1296 1678)

96 1321 212 1397 κάλους
242 1320 455 1387 scribendum
492 1322 638 1405 suspicet
641 1341 689 1387 ur.
625 1323 823 1386 t-uus
846 1322 1087 1401 ἐμπολήσαντές
1109 1345 1149 1387 τι
1161 1324 1303 1404 χρηστὸν
1328 1325 1372 1400 εἰς

92 1427 193 1504 ἀγρὸν
218 1429 373 1508 ταρίχιον.
401 1431 484 1495 1202
509 1427 815 1508 ὁδὶ-τριδράχμους
841 1431 918 1508 τοδς
941 1430 1061 1508 κάδους
1085 1431 1129 1508 είς
1152 1431 1229 1561 τοδς
1253 1431 1373 1507 ἀγροὺς

90 1533 266 1616 (ἐμπολεῑ).

131 1637 189 1704 Fr.
219 1639 299 1719 204,
323 1641 506 1708 2κυνίδιον
529 1643 645 1708 λεπτὸν
668 1643 826 1725 ἐπρίωτῇ
861 1647 920 1726 θεᾷ
955 1643 999 1722 εἰς
1033 1647 1091 1721 τὰς
1112 1643 1281 1722 τριόδους,
1319 1641 1374 1708 ubi

88 1744 245 1814 Cobetus
271 1754 449 1832 recteest
473 1749 573 1816 scribi
597 1751 699 1816 iubet.

132 1855 168 1934 β)
197 1853 245 1921 A.
271 1858 332 1922 961
359 1857 405 1936 εἰς
425 1860 502 1937 τοὺς
521 1857 610 1936 ·Χόας
625 1891 643 1904 -
657 1862 845 1938 μεταδοῦναι
867 1863 934 1924 τῶν
957 1863 1081 1937 κιχλῶν.
1176 1874 1179 1884 ·

133 1961 172 2026 Ρ.
200 1965 270 2030 879
296 1964 341 2042 είς
363 1966 486 2045 Ἴσθμια
505 1967 916 2046 σκηνὴν-*καταλαμβάνοι

134 2069 169 2154 ε)
194 2071 275 2137 Huc
299 2071 441 2156 adiungo
465 2073 657 2156 exemplum,
683 2073 738 2138 ubi
761 2071 965 2158 praepositio
989 2089 1063 2137 curn
1088 2087 1166 2137 casu
1189 2089 1250 2137 suo
1276 2083 1373 2137 even-

90 2181 160 2239 tum
188 2177 335 2244 aetionis
360 2179 525 2263 exprimit,
558 2181 590 2247 id
614 2179 700 2264 qnod
734 2181 834 2245 etiam
870 2180 992 2246 omissa
1022 2179 1269 2263 praepositione
1302 2179 1373 2244 solo

91 2281 241 2362 numine,
266 2285 485 2369 appositionis
509 2287 615 2355 vicem
640 2287 833 2364 sustinente,
858 2285 1040 2371 significari
1063 2292 1184 2369 potest.

135 2393 176 2458 A.
203 2393 274 2459 320
298 2397 493 2462 καταξαίνειν
510 2398 574 2462 ’τὸν
597 2397 699 2475 ἄνδρα
721 2394 837 2460 τοῦτον
861 2396 907 2475 εἰς
941 2395 1100 2476 φοινικίδα
1134 2393 1243 2477 ,huuc
1277 2388 1373 2459 lanae

93 2494 204 2565 instar
230 2515 442 2585 concerpere,
466 2508 504 2569 ιιι
520 2503 622 2570 vestis
638 2501 782 2586 punicea
799 2499 895 2583 iet“,'
911 2503 966 2568 ubi
997 2501 1203 2586 Biaydesiur,
1223 2495 1376 2566 riutbert-

94 2623 165 2671 smu
180 2608 280 2686 duce,
302 2613 431 2676 τουτονὶ
447 2613 605 2692 φοινικίδα
622 2611 753 2690 conicit,
771 2609 844 2677 coll.
878 2627 908 2675 ν.
934 2609 1005 2676 301’
1021 2609 1061 2676 ὃν
1083 2608 1247 2691 κατατεμῶ
1268 2611 1375 2673 τοῖσιν

92 2709 229 2780 ἱππεῦσι
258 2717 635 2798 sensumsensurn,
671 2719 755 2785 bonu
785 2721 837 2783 est
860 2717 1047 2783 coniectura
1070 2721 1168 2799 atque
1205 2717 1248 2795 εἰς
1274 2710 1372 2780 furtu

94 2824 211 2898 potest
234 2839 273 2888 ex
296 2822 589 2906 interpretamento
613 2830 727 2891 natum
751 2841 825 2889 esse
849 2820 1002 2904 bominis,
1039 2822 1213 2889 uerborum
1240 2836 1373 2906 eompu-

96 2925 257 2994 sitionem
281 2949 344 2997 non
368 2931 603 3014 intellegentis.
627 2931 690 2999 Sed
715 2933 790 2997 libri
817 2950 929 2998 omues
954 2937 987 2998 et
1012 2928 1150 2996 Photius
1174 2929 1218 3027 (p.
1244 2929 1299 3014 22,
1319 2931 1372 2995 22:

97 3032 132 3110 ἐς
155 3037 319 3115 φοινικίδα
342 3045 521 3106 καταξᾶναι·
547 3039 777 3120 αιματόρρυτον
800 3043 942 3119 ποιῆσαι·
966 3040 996 3103 oi
1021 3041 1056 3102 δὲ
1082 3039 1131 3104 ὅτι
1155 3037 1207 3116 εἰς
1213 3037 1372 3117 φοινικίδα

97 3143 289 3210 κατέξαινον
310 3149 349 3212 τα
372 3148 441 3226 ἔρια
465 3153 539 3226 ete,
565 3147 620 3230 qui
642 3147 736 3212 locus
760 3163 779 3210 u
802 3143 975 3229 Bluydesio
1000 3144 1095 3209 adh.
1119 3163 1148 3214 v.
1174 3143 1292 3259 allatus
1310 3141 1374 3225 est)

97 3251 381 3330 praepositionem
404 3261 552 3321 tuentur.

144 3357 179 3440 3)
144 3354 306 3423 serrae
292 3364 384 3426 teres
407 3363 452 3440 εἰς
473 3361 555 3447 legit
556 3379 607 3442 ur,
623 3366 804 3427 extremum
829 3357 925 3424 finem
950 3357 1078 3423 numeri
1102 3357 1261 3440 iudicare,
1286 3357 1373 3420 ultra

100 3476 200 3542 quem
227 3466 305 3547 quid
328 3486 392 3534 nou
415 3470 621 3601 proceditur
941 3474 943 3485 '
966 3478 970 3491 “

143 3569 206 3637 Th.
232 3575 296 3638 452
321 3573 425 3640 οὐκέτ’
449 3579 636 3657 ἐμπολῶμεν
660 3575 732 3640 οὐδ’
755 3575 799 3654 είς
821 3573 918 3654 ἣμισυ
943 3589 1029 3654 „uon
1051 3571 1116 3637 ium
1140 3568 1272 3653 negotiu
1294 3567 1373 3634 faci·

102 3693 187 3757 mus,
211 3680 383 3748 vendimus
406 3703 447 3747 ne
471 3685 511 3748 ud
535 3684 701 3748 dimidiam
728 3683 858 3765 quidem
895 3679 1042 3763 purtem‘
1080 3695 1143 3761 ,sm
1171 3679 1373 3760 uuuoruuy‘t

103 3783 282 3870 Perperam
306 3789 360 3854 hic
385 3790 588 3870 Meinekeus,
619 3789 804 3856 Hamakero
838 3789 931 3867 duce,
966 3788 1045 3853 οὐδὲ
1079 3787 1195 3866 θῆμισυ
1229 3784 1373 3868 scripsit,

105 3896 182 3976 quia
207 3895 252 3975 εἰς
275 3915 553 3980 supervacaneum
578 3904 677 3977 esset,
702 3897 946 3962 desideraretur
970 3913 1049 3959 veru
1072 3893 1242 3959 articulus
1268 3891 1373 3971 Quem

36 4071 38 4076 ,
105 4021 168 4069 uon
191 4003 373 4070 desiderari
397 4005 509 4072 multis
533 4005 692 4089 exemplis
716 4006 919 4070 demonstrat
943 3998 1174 4069 Bachmunnus
1198 4018 1228 4083 ρ.
1256 4005 1305 4065 lo.

150 4116 185 4198 4)
208 4118 383 4183 Postremo
407 4118 479 4183 loco
504 4135 663 4200 opponam
689 4113 884 4192 locutiones,
909 4131 993 4196 quue
1024 4113 1056 4178 iu
1091 4108 1236 4177 adverbii
1269 4127 1373 4192 paene

109 4227 272 4292 notionem
296 4228 458 4308 abierunt,
481 4232 518 4291 ut

152 4337 188 4402 A.
213 4339 276 4400 686
300 4337 345 4415 εἰς
366 4338 463 4417 τάχος
486 4336 578 4414 παίει,
604 4333 690 4418 quod
714 4332 800 4397 idem
825 4331 893 4397 iere
918 4329 1006 4395 valet
1029 4345 1068 4393 ac
1090 4327 1223 4409 ταχέως.

153 4443 189 4512 N.
213 4449 276 4512 593
302 4445 391 4524 αὖθις
416 4443 460 4523 εἰς
482 4443 634 4523 τάρχαῖον
656 4443 739 4520 ὑμῖν,
764 4439 793 4508 εί
814 4460 842 4504 τι
864 4439 1084 4518 κάξημάρτετε,
1117 4435 1166 4501 ἐπί
1188 4433 1226 4500 τὸ
1251 4431 1374 4513 βέλτιον

112 4553 147 4617 τὸ
168 4557 294 4634 πρᾶγμα
316 4561 353 4638 τῇ
377 4554 467 4618 πόλει
490 4551 675 4617 συνοίσεται
702 4553 758 4630 ,ιιι
789 4549 897 4612 a'nte“.

155 4663 210 4728 Ar.
234 4665 297 4728 457
322 4658 386 4737 λέγ’
411 4660 455 4738 εἰς
479 4659 587 4725 κοινόν
613 4655 666 4738 ,in
690 4653 868 4720 muniunt
884 4657 947 4719 805
970 4652 1015 4730 εἰς
1031 4649 1189 4715 εὐτέλειαν
1203 4647 1273 4725 χηνὶ
1296 4656 1375 4720 συγ·

114 4771 322 4854 γεγραμμένῳ,
347 4770 432 4851 quud
457 4767 543 4833 iden
567 4771 618 4830 est
641 4768 739 4848 atque
768 4762 913 4841 εὐτελῶς.
