<?xml version="1.0" encoding="UTF-8"?>
<!DOCTYPE html PUBLIC "-//W3C//DTD XHTML 1.0 Transitional//EN"
    "http://www.w3.org/TR/xhtml1/DTD/xhtml1-transitional.dtd">
<html xmlns="http://www.w3.org/1999/xhtml" xml:lang="en" lang="en">
 <head>
  <title>
</title>
<meta http-equiv="Content-Type" content="text/html;charset=utf-8" />
  <meta name='ocr-system' content='tesseract 3.04.00' />
  <meta name='ocr-capabilities' content='ocr_page ocr_carea ocr_par ocr_line ocrx_word'/>
</head>
<body>
  <div class='ocr_page' id='page_1' title='image "./depraepositionu00sobogoog_0191.png"; bbox 0 0 3326 5372; ppageno 0'>
   <div class='ocr_carea' id='block_1_1' title="bbox 863 469 1623 603">
    <p class='ocr_par' dir='ltr' id='par_1_1' title="bbox 863 469 1623 603">
     <span class='ocr_line' id='line_1_1' title="bbox 863 469 1623 603; baseline -0.004 0"><span class='ocrx_word' id='word_1_1' title='bbox 863 539 1063 603; x_wconf 76' lang='lat'>-180-</span> <span class='ocrx_word' id='word_1_2' title='bbox 1621 469 1623 572; x_wconf 79' lang='lat' dir='ltr'>i</span> 
     </span>
    </p>
   </div>
   <div class='ocr_carea' id='block_1_2' title="bbox 332 705 1623 3464">
    <p class='ocr_par' dir='ltr' id='par_1_2' title="bbox 332 705 1623 3252">
     <span class='ocr_line' id='line_1_2' title="bbox 333 705 1582 791; baseline 0.002 -21"><span class='ocrx_word' id='word_1_3' title='bbox 333 705 512 773; x_wconf 81' lang='lat' dir='ltr'>uindictam</span> <span class='ocrx_word' id='word_1_4' title='bbox 537 707 644 784; x_wconf 87' lang='lat' dir='ltr'>atteri,</span> <span class='ocrx_word' id='word_1_5' title='bbox 669 708 822 791; x_wconf 88' lang='lat' dir='ltr'>precibus</span> <span class='ocrx_word' id='word_1_6' title='bbox 846 710 917 774; x_wconf 89' lang='lat' dir='ltr'>suis</span> <span class='ocrx_word' id='word_1_7' title='bbox 942 709 1073 791; x_wconf 74' lang='lat' dir='ltr'>spretis</span> <span class='ocrx_word' id='word_1_8' title='bbox 1098 708 1305 772; x_wconf 77' lang='lat' dir='ltr'>metuendam</span> <span class='ocrx_word' id='word_1_9' title='bbox 1331 725 1404 773; x_wconf 90' lang='lat' dir='ltr'>esse</span> <span class='ocrx_word' id='word_1_10' title='bbox 1422 707 1582 791; x_wconf 80' lang='lat' dir='ltr'>significare</span> 
     </span>
     <span class='ocr_line' id='line_1_3' title="bbox 333 813 1583 900; baseline 0 -21"><span class='ocrx_word' id='word_1_11' title='bbox 333 815 412 890; x_wconf 89' lang='lat' dir='ltr'>vult,</span> <span class='ocrx_word' id='word_1_12' title='bbox 437 815 608 900; x_wconf 87' lang='lat' dir='ltr'>potuitque</span> <span class='ocrx_word' id='word_1_13' title='bbox 633 815 773 881; x_wconf 83' lang='lat' dir='ltr'>sortasse</span> <span class='ocrx_word' id='word_1_14' title='bbox 798 813 881 895; x_wconf 90' lang='lat' dir='ltr'>fieri,</span> <span class='ocrx_word' id='word_1_15' title='bbox 906 821 943 880; x_wconf 90' lang='lat' dir='ltr'>nt</span> <span class='ocrx_word' id='word_1_16' title='bbox 968 815 999 880; x_wconf 93' lang='lat' dir='ltr'>in</span> <span class='ocrx_word' id='word_1_17' title='bbox 1025 815 1193 881; x_wconf 81' lang='lat' dir='ltr'>comoedia</span> <span class='ocrx_word' id='word_1_18' title='bbox 1216 815 1452 898; x_wconf 77' lang='lat' dir='ltr'><strong>Aristophanes</strong></span> <span class='ocrx_word' id='word_1_19' title='bbox 1475 837 1528 899; x_wconf 89' lang='lat' dir='ltr'>pro</span> <span class='ocrx_word' id='word_1_20' title='bbox 1544 819 1583 881; x_wconf 88' lang='lat' dir='ltr'>dei</span> 
     </span>
     <span class='ocr_line' id='line_1_4' title="bbox 332 921 1582 1008; baseline 0.004 -22"><span class='ocrx_word' id='word_1_21' title='bbox 332 921 477 989; x_wconf 86' lang='lat' dir='ltr'>alicuius</span> <span class='ocrx_word' id='word_1_22' title='bbox 502 923 632 990; x_wconf 89' lang='lat' dir='ltr'>nomine</span> <span class='ocrx_word' id='word_1_23' title='bbox 657 924 815 989; x_wconf 86' lang='lat' dir='ltr'>scuticam</span> <span class='ocrx_word' id='word_1_24' title='bbox 840 922 903 1004; x_wconf 82' lang='lat' dir='ltr'>sel,</span> <span class='ocrx_word' id='word_1_25' title='bbox 928 924 1015 1006; x_wconf 89' lang='lat' dir='ltr'>quod</span> <span class='ocrx_word' id='word_1_26' title='bbox 1038 923 1264 1004; x_wconf 87' lang='lat' dir='ltr'>praetulerim,</span> <span class='ocrx_word' id='word_1_27' title='bbox 1290 923 1472 1006; x_wconf 85' lang='lat' dir='ltr'><strong>scipionem</strong></span> <span class='ocrx_word' id='word_1_28' title='bbox 1496 928 1582 1008; x_wconf 89' lang='lat' dir='ltr'>appel-</span> 
     </span>
     <span class='ocr_line' id='line_1_5' title="bbox 332 1029 1583 1114; baseline 0.002 -19"><span class='ocrx_word' id='word_1_29' title='bbox 332 1030 395 1095; x_wconf 85' lang='lat' dir='ltr'>lari</span> <span class='ocrx_word' id='word_1_30' title='bbox 418 1029 552 1107; x_wconf 85' lang='lat' dir='ltr'>faceret,</span> <span class='ocrx_word' id='word_1_31' title='bbox 577 1031 632 1114; x_wconf 90' lang='lat' dir='ltr'>qni</span> <span class='ocrx_word' id='word_1_32' title='bbox 658 1031 785 1097; x_wconf 90' lang='lat' dir='ltr'>scilicet</span> <span class='ocrx_word' id='word_1_33' title='bbox 808 1031 915 1111; x_wconf 82' lang='lat' dir='ltr'>alteri,</span> <span class='ocrx_word' id='word_1_34' title='bbox 941 1029 1002 1096; x_wconf 90' lang='lat' dir='ltr'>nisi</span> <span class='ocrx_word' id='word_1_35' title='bbox 1029 1031 1281 1114; x_wconf 69' lang='lat' dir='ltr'>obtemperaret,</span> <span class='ocrx_word' id='word_1_36' title='bbox 1324 1033 1444 1097; x_wconf 90' lang='lat' dir='ltr'>maium</span> <span class='ocrx_word' id='word_1_37' title='bbox 1469 1034 1583 1098; x_wconf 81' lang='lat' dir='ltr'>daturus</span> 
     </span>
     <span class='ocr_line' id='line_1_6' title="bbox 334 1135 1584 1221; baseline 0.001 -20"><span class='ocrx_word' id='word_1_38' title='bbox 334 1143 431 1203; x_wconf 86' lang='lat' dir='ltr'>esset:</span> <span class='ocrx_word' id='word_1_39' title='bbox 457 1157 563 1221; x_wconf 87' lang='lat' dir='ltr'>neque</span> <span class='ocrx_word' id='word_1_40' title='bbox 587 1145 697 1203; x_wconf 89' lang='lat' dir='ltr'>tamen</span> <span class='ocrx_word' id='word_1_41' title='bbox 720 1139 801 1203; x_wconf 87' lang='lat' dir='ltr'>adeo</span> <span class='ocrx_word' id='word_1_42' title='bbox 824 1135 1027 1220; x_wconf 81' lang='lat' dir='ltr'>probabilem</span> <span class='ocrx_word' id='word_1_43' title='bbox 1054 1139 1138 1203; x_wconf 88' lang='lat' dir='ltr'>banc</span> <span class='ocrx_word' id='word_1_44' title='bbox 1174 1141 1371 1204; x_wconf 80' lang='lat' dir='ltr'>sententiam</span> <span class='ocrx_word' id='word_1_45' title='bbox 1396 1140 1536 1216; x_wconf 83' lang='lat' dir='ltr'>dixerim,</span> <span class='ocrx_word' id='word_1_46' title='bbox 1558 1147 1584 1202; x_wconf 90' lang='lat' dir='ltr'>nt</span> 
     </span>
     <span class='ocr_line' id='line_1_7' title="bbox 332 1245 1583 1328; baseline 0.001 -19"><span class='ocrx_word' id='word_1_47' title='bbox 332 1251 510 1328; x_wconf 90' lang='lat' dir='ltr'>propterea</span> <span class='ocrx_word' id='word_1_48' title='bbox 534 1246 681 1311; x_wconf 90' lang='lat' dir='ltr'>codicum</span> <span class='ocrx_word' id='word_1_49' title='bbox 704 1245 805 1310; x_wconf 90' lang='lat' dir='ltr'>lectio</span> <span class='ocrx_word' id='word_1_50' title='bbox 829 1246 943 1327; x_wconf 89' lang='lat' dir='ltr'>utique</span> <span class='ocrx_word' id='word_1_51' title='bbox 966 1245 1145 1311; x_wconf 90' lang='lat' dir='ltr'>reiicienda</span> <span class='ocrx_word' id='word_1_52' title='bbox 1171 1245 1224 1312; x_wconf 92' lang='lat' dir='ltr'>sit.</span> <span class='ocrx_word' id='word_1_53' title='bbox 1249 1245 1330 1310; x_wconf 88' lang='lat' dir='ltr'>Nam</span> <span class='ocrx_word' id='word_1_54' title='bbox 1347 1247 1583 1314; x_wconf 76' lang='lat' dir='ltr'>demonstrativo</span> 
     </span>
     <span class='ocr_line' id='line_1_8' title="bbox 334 1353 1584 1438; baseline 0.003 -22"><span class='ocrx_word' id='word_1_55' title='bbox 334 1353 526 1434; x_wconf 88' lang='lat' dir='ltr'>pronomine</span> <span class='ocrx_word' id='word_1_56' title='bbox 549 1353 723 1436; x_wconf 89' lang='lat' dir='ltr'>loquentes</span> <span class='ocrx_word' id='word_1_57' title='bbox 746 1371 810 1418; x_wconf 93' lang='lat' dir='ltr'>non</span> <span class='ocrx_word' id='word_1_58' title='bbox 835 1370 910 1418; x_wconf 89' lang='lat' dir='ltr'>raro</span> <span class='ocrx_word' id='word_1_59' title='bbox 935 1358 1039 1420; x_wconf 89' lang='lat' dir='ltr'>semet</span> <span class='ocrx_word' id='word_1_60' title='bbox 1073 1353 1163 1435; x_wconf 89' lang='lat' dir='ltr'>ipsos</span> <span class='ocrx_word' id='word_1_61' title='bbox 1188 1353 1361 1435; x_wconf 83' lang='lat' dir='ltr'>designare</span> <span class='ocrx_word' id='word_1_62' title='bbox 1397 1375 1491 1422; x_wconf 87' lang='lat' dir='ltr'>nemo</span> <span class='ocrx_word' id='word_1_63' title='bbox 1514 1355 1584 1438; x_wconf 86' lang='lat' dir='ltr'>igno·</span> 
     </span>
     <span class='ocr_line' id='line_1_9' title="bbox 334 1460 1584 1544; baseline 0.001 -19"><span class='ocrx_word' id='word_1_64' title='bbox 334 1465 396 1540; x_wconf 87' lang='lat' dir='ltr'>rat,</span> <span class='ocrx_word' id='word_1_65' title='bbox 421 1460 638 1544; x_wconf 80' lang='lat' dir='ltr'>dixeruntque</span> <span class='ocrx_word' id='word_1_66' title='bbox 663 1462 703 1525; x_wconf 91' lang='lat' dir='ltr'>de</span> <span class='ocrx_word' id='word_1_67' title='bbox 728 1462 789 1527; x_wconf 90' lang='lat' dir='ltr'>boc</span> <span class='ocrx_word' id='word_1_68' title='bbox 812 1481 875 1527; x_wconf 84' lang='lat' dir='ltr'>usu</span> <span class='ocrx_word' id='word_1_69' title='bbox 898 1461 1146 1527; x_wconf 84' lang='lat' dir='ltr'>demonstrativi</span> <span class='ocrx_word' id='word_1_70' title='bbox 1180 1480 1277 1543; x_wconf 91' lang='lat' dir='ltr'>quum</span> <span class='ocrx_word' id='word_1_71' title='bbox 1315 1461 1370 1526; x_wconf 89' lang='lat' dir='ltr'>aiii</span> <span class='ocrx_word' id='word_1_72' title='bbox 1408 1463 1584 1538; x_wconf 78' lang='lat' dir='ltr'>multitud</span> 
     </span>
     <span class='ocr_line' id='line_1_10' title="bbox 332 1567 1583 1653; baseline 0 -21"><span class='ocrx_word' id='word_1_73' title='bbox 332 1567 530 1636; x_wconf 85' lang='lat' dir='ltr'>Matthiaens</span> <span class='ocrx_word' id='word_1_74' title='bbox 554 1569 571 1653; x_wconf 69' lang='grc' dir='ltr'>β</span> <span class='ocrx_word' id='word_1_75' title='bbox 596 1571 669 1645; x_wconf 89' lang='grc'><strong>470,</strong></span> <span class='ocrx_word' id='word_1_76' title='bbox 696 1569 715 1631; x_wconf 89' lang='grc'>9</span> <span class='ocrx_word' id='word_1_77' title='bbox 740 1574 774 1634; x_wconf 93' lang='lat' dir='ltr'>et</span> <span class='ocrx_word' id='word_1_78' title='bbox 797 1569 952 1634; x_wconf 86' lang='lat' dir='ltr'>bionkius</span> <span class='ocrx_word' id='word_1_79' title='bbox 976 1569 1016 1634; x_wconf 89' lang='lat' dir='ltr'>ad</span> <span class='ocrx_word' id='word_1_80' title='bbox 1028 1569 1107 1635; x_wconf 87' lang='lat' dir='ltr'>Eur.</span> <span class='ocrx_word' id='word_1_81' title='bbox 1126 1567 1197 1634; x_wconf 81' lang='lat' dir='ltr'>Alc.</span> <span class='ocrx_word' id='word_1_82' title='bbox 1211 1589 1241 1633; x_wconf 83' lang='grc' dir='ltr'>τ.</span> <span class='ocrx_word' id='word_1_83' title='bbox 1260 1573 1334 1635; x_wconf 75' lang='grc' dir='ltr'>341ι</span> <span class='ocrx_word' id='word_1_84' title='bbox 1353 1571 1500 1653; x_wconf 82' lang='grc' dir='ltr'>ηυοάηυα</span> <span class='ocrx_word' id='word_1_85' title='bbox 1518 1591 1583 1636; x_wconf 89' lang='lat' dir='ltr'>unm</span> 
     </span>
     <span class='ocr_line' id='line_1_11' title="bbox 332 1675 1583 1761; baseline 0.002 -22"><span class='ocrx_word' id='word_1_86' title='bbox 332 1675 552 1759; x_wconf 87' lang='lat' dir='ltr'>Dicaeopolis,</span> <span class='ocrx_word' id='word_1_87' title='bbox 577 1677 671 1742; x_wconf 91' lang='lat' dir='ltr'>cuius</span> <span class='ocrx_word' id='word_1_88' title='bbox 693 1676 776 1741; x_wconf 88' lang='lat' dir='ltr'>haec</span> <span class='ocrx_word' id='word_1_89' title='bbox 801 1677 900 1741; x_wconf 88' lang='lat' dir='ltr'>verba</span> <span class='ocrx_word' id='word_1_90' title='bbox 926 1682 1012 1755; x_wconf 85' lang='lat' dir='ltr'>sunt,</span> <span class='ocrx_word' id='word_1_91' title='bbox 1035 1683 1113 1758; x_wconf 91' lang='lat' dir='ltr'>post</span> <span class='ocrx_word' id='word_1_92' title='bbox 1146 1677 1288 1741; x_wconf 84' lang='lat' dir='ltr'>dativum</span> <span class='ocrx_word' id='word_1_93' title='bbox 1322 1679 1506 1758; x_wconf 90' lang='lat' dir='ltr'>personalis</span> <span class='ocrx_word' id='word_1_94' title='bbox 1526 1695 1583 1761; x_wconf 86' lang='lat' dir='ltr'>prn-</span> 
     </span>
     <span class='ocr_line' id='line_1_12' title="bbox 333 1783 1583 1867; baseline -0.002 -19"><span class='ocrx_word' id='word_1_95' title='bbox 333 1783 475 1850; x_wconf 92' lang='lat' dir='ltr'>nominis</span> <span class='ocrx_word' id='word_1_96' title='bbox 499 1785 577 1863; x_wconf 85' lang='grc' dir='ltr'>ἐμοί,</span> <span class='ocrx_word' id='word_1_97' title='bbox 602 1785 635 1848; x_wconf 93' lang='lat' dir='ltr'>in</span> <span class='ocrx_word' id='word_1_98' title='bbox 658 1784 837 1867; x_wconf 89' lang='lat' dir='ltr'>repetenda</span> <span class='ocrx_word' id='word_1_99' title='bbox 871 1783 922 1848; x_wconf 92' lang='lat' dir='ltr'>sui</span> <span class='ocrx_word' id='word_1_100' title='bbox 958 1783 1184 1866; x_wconf 84' lang='lat' dir='ltr'>designatione</span> <span class='ocrx_word' id='word_1_101' title='bbox 1219 1803 1277 1865; x_wconf 91' lang='lat' dir='ltr'>per</span> <span class='ocrx_word' id='word_1_102' title='bbox 1312 1785 1583 1851; x_wconf 82' lang='lat' dir='ltr'>demonstrativum</span> 
     </span>
     <span class='ocr_line' id='line_1_13' title="bbox 333 1891 1584 1977; baseline -0.001 -22"><span class='ocrx_word' id='word_1_103' title='bbox 333 1909 397 1956; x_wconf 90' lang='lat' dir='ltr'>non</span> <span class='ocrx_word' id='word_1_104' title='bbox 422 1891 498 1955; x_wconf 87' lang='lat' dir='ltr'>item</span> <span class='ocrx_word' id='word_1_105' title='bbox 524 1892 668 1957; x_wconf 84' lang='lat' dir='ltr'>dativum</span> <span class='ocrx_word' id='word_1_106' title='bbox 692 1893 807 1977; x_wconf 84' lang='grc' dir='ltr'>τούτῳ,</span> <span class='ocrx_word' id='word_1_107' title='bbox 833 1891 889 1956; x_wconf 91' lang='lat' dir='ltr'>sed</span> <span class='ocrx_word' id='word_1_108' title='bbox 913 1892 1133 1956; x_wconf 74' lang='lat' dir='ltr'>accusativum</span> <span class='ocrx_word' id='word_1_109' title='bbox 1154 1910 1226 1955; x_wconf 90' lang='lat' dir='ltr'>cum</span> <span class='ocrx_word' id='word_1_110' title='bbox 1244 1892 1491 1972; x_wconf 83' lang='lat' dir='ltr'>praepositione</span> <span class='ocrx_word' id='word_1_111' title='bbox 1510 1911 1584 1957; x_wconf 86' lang='lat' dir='ltr'>usur·</span> 
     </span>
     <span class='ocr_line' id='line_1_14' title="bbox 332 1997 1584 2081; baseline -0.001 -19"><span class='ocrx_word' id='word_1_112' title='bbox 332 2005 399 2081; x_wconf 86' lang='lat' dir='ltr'>pat,</span> <span class='ocrx_word' id='word_1_113' title='bbox 424 2017 489 2064; x_wconf 89' lang='lat' dir='ltr'>non</span> <span class='ocrx_word' id='word_1_114' title='bbox 513 2000 615 2080; x_wconf 78' lang='lat' dir='ltr'>magis</span> <span class='ocrx_word' id='word_1_115' title='bbox 640 1997 804 2064; x_wconf 87' lang='lat' dir='ltr'>offendere</span> <span class='ocrx_word' id='word_1_116' title='bbox 829 1999 935 2074; x_wconf 90' lang='lat' dir='ltr'>debet,</span> <span class='ocrx_word' id='word_1_117' title='bbox 960 2017 1055 2080; x_wconf 88' lang='lat' dir='ltr'>quam</span> <span class='ocrx_word' id='word_1_118' title='bbox 1089 1999 1207 2063; x_wconf 87' lang='lat' dir='ltr'>similis</span> <span class='ocrx_word' id='word_1_119' title='bbox 1242 2001 1380 2064; x_wconf 88' lang='lat' dir='ltr'>mutatio</span> <span class='ocrx_word' id='word_1_120' title='bbox 1419 2005 1584 2066; x_wconf 84' lang='lat' dir='ltr'>structurae</span> 
     </span>
     <span class='ocr_line' id='line_1_15' title="bbox 333 2099 1584 2192; baseline -0.001 -23"><span class='ocrx_word' id='word_1_121' title='bbox 333 2106 365 2169; x_wconf 93' lang='lat' dir='ltr'>in</span> <span class='ocrx_word' id='word_1_122' title='bbox 390 2127 418 2169; x_wconf 89' lang='lat' dir='ltr'>v.</span> <span class='ocrx_word' id='word_1_123' title='bbox 444 2107 507 2170; x_wconf 82' lang='lat'>625</span> <span class='ocrx_word' id='word_1_124' title='bbox 531 2111 658 2182; x_wconf 84' lang='grc' dir='ltr'>πωλεῖν,</span> <span class='ocrx_word' id='word_1_125' title='bbox 684 2099 851 2186; x_wconf 72' lang='grc' dir='ltr'>ἀγοράζειν</span> <span class='ocrx_word' id='word_1_126' title='bbox 873 2110 956 2186; x_wconf 85' lang='grc' dir='ltr'>πρὸς</span> <span class='ocrx_word' id='word_1_127' title='bbox 982 2109 1045 2184; x_wconf 88' lang='grc' dir='ltr'>έμέ,</span> <span class='ocrx_word' id='word_1_128' title='bbox 1071 2107 1209 2192; x_wconf 86' lang='grc' dir='ltr'>Λαμάχῳ</span> <span class='ocrx_word' id='word_1_129' title='bbox 1233 2111 1268 2171; x_wconf 85' lang='grc' dir='ltr'>δὲ</span> <span class='ocrx_word' id='word_1_130' title='bbox 1292 2108 1344 2186; x_wconf 87' lang='grc' dir='ltr'>μή,</span> <span class='ocrx_word' id='word_1_131' title='bbox 1363 2107 1419 2171; x_wconf 91' lang='lat' dir='ltr'>nbi</span> <span class='ocrx_word' id='word_1_132' title='bbox 1435 2127 1527 2174; x_wconf 80' lang='lat' dir='ltr'>nemo</span> <span class='ocrx_word' id='word_1_133' title='bbox 1545 2111 1584 2170; x_wconf 88' lang='lat' dir='ltr'>aut</span> 
     </span>
     <span class='ocr_line' id='line_1_16' title="bbox 333 2209 1584 2295; baseline -0.003 -17"><span class='ocrx_word' id='word_1_134' title='bbox 333 2212 402 2291; x_wconf 81' lang='grc' dir='ltr'>ἐμοί</span> <span class='ocrx_word' id='word_1_135' title='bbox 426 2216 483 2276; x_wconf 89' lang='lat' dir='ltr'>aut</span> <span class='ocrx_word' id='word_1_136' title='bbox 506 2213 587 2291; x_wconf 87' lang='grc' dir='ltr'>πρὸς</span> <span class='ocrx_word' id='word_1_137' title='bbox 610 2215 646 2276; x_wconf 81' lang='grc' dir='ltr'>δὲ</span> <span class='ocrx_word' id='word_1_138' title='bbox 670 2213 819 2292; x_wconf 87' lang='grc' dir='ltr'>Λάμαχον</span> <span class='ocrx_word' id='word_1_139' title='bbox 843 2212 1017 2277; x_wconf 89' lang='lat' dir='ltr'>dicendum</span> <span class='ocrx_word' id='word_1_140' title='bbox 1041 2211 1144 2277; x_wconf 88' lang='lat' dir='ltr'>inisse</span> <span class='ocrx_word' id='word_1_141' title='bbox 1177 2209 1314 2295; x_wconf 88' lang='lat' dir='ltr'>putabit.</span> <span class='ocrx_word' id='word_1_142' title='bbox 1350 2213 1471 2279; x_wconf 84' lang='lat' dir='ltr'>Nostro</span> <span class='ocrx_word' id='word_1_143' title='bbox 1496 2219 1584 2278; x_wconf 87' lang='lat' dir='ltr'>auten</span> 
     </span>
     <span class='ocr_line' id='line_1_17' title="bbox 334 2315 1585 2403; baseline 0.002 -23"><span class='ocrx_word' id='word_1_144' title='bbox 334 2319 407 2383; x_wconf 88' lang='lat' dir='ltr'>loco</span> <span class='ocrx_word' id='word_1_145' title='bbox 432 2315 489 2382; x_wconf 87' lang='lat' dir='ltr'>illa</span> <span class='ocrx_word' id='word_1_146' title='bbox 513 2319 652 2385; x_wconf 89' lang='lat' dir='ltr'>mutatio</span> <span class='ocrx_word' id='word_1_147' title='bbox 677 2325 769 2385; x_wconf 90' lang='lat' dir='ltr'>tauto</span> <span class='ocrx_word' id='word_1_148' title='bbox 805 2321 914 2385; x_wconf 87' lang='lat' dir='ltr'>minus</span> <span class='ocrx_word' id='word_1_149' title='bbox 938 2319 1021 2385; x_wconf 83' lang='lat' dir='ltr'>mira</span> <span class='ocrx_word' id='word_1_150' title='bbox 1056 2319 1160 2384; x_wconf 89' lang='lat' dir='ltr'>videri</span> <span class='ocrx_word' id='word_1_151' title='bbox 1194 2325 1313 2401; x_wconf 85' lang='lat' dir='ltr'>potest,</span> <span class='ocrx_word' id='word_1_152' title='bbox 1349 2320 1378 2384; x_wconf 89' lang='lat' dir='ltr'>si</span> <span class='ocrx_word' id='word_1_153' title='bbox 1416 2328 1585 2403; x_wconf 86' lang='lat' dir='ltr'>reputamus</span> 
     </span>
     <span class='ocr_line' id='line_1_18' title="bbox 333 2423 1623 2510; baseline 0.001 -22"><span class='ocrx_word' id='word_1_154' title='bbox 333 2423 548 2506; x_wconf 87' lang='lat' dir='ltr'>Dicacopolin</span> <span class='ocrx_word' id='word_1_155' title='bbox 573 2427 643 2492; x_wconf 89' lang='lat' dir='ltr'>siue</span> <span class='ocrx_word' id='word_1_156' title='bbox 666 2427 775 2506; x_wconf 89' lang='lat' dir='ltr'>dubio,</span> <span class='ocrx_word' id='word_1_157' title='bbox 799 2446 898 2510; x_wconf 85' lang='lat' dir='ltr'>quum</span> <span class='ocrx_word' id='word_1_158' title='bbox 922 2429 1004 2505; x_wconf 86' lang='grc' dir='ltr'>πρὸς</span> <span class='ocrx_word' id='word_1_159' title='bbox 1039 2427 1165 2492; x_wconf 82' lang='grc' dir='ltr'>τουτονί</span> <span class='ocrx_word' id='word_1_160' title='bbox 1199 2425 1334 2506; x_wconf 84' lang='lat' dir='ltr'>diceret,</span> <span class='ocrx_word' id='word_1_161' title='bbox 1371 2428 1470 2493; x_wconf 88' lang='lat' dir='ltr'>simul</span> <span class='ocrx_word' id='word_1_162' title='bbox 1506 2429 1585 2492; x_wconf 88' lang='lat' dir='ltr'>etiam</span> <span class='ocrx_word' id='word_1_163' title='bbox 1622 2447 1623 2490; x_wconf 84' lang='grc' dir='ltr'>ι</span> 
     </span>
     <span class='ocr_line' id='line_1_19' title="bbox 334 2531 1586 2621; baseline -0.001 -24"><span class='ocrx_word' id='word_1_164' title='bbox 334 2531 435 2621; x_wconf 87' lang='lat' dir='ltr'>digito</span> <span class='ocrx_word' id='word_1_165' title='bbox 460 2538 566 2598; x_wconf 86' lang='lat' dir='ltr'>semet</span> <span class='ocrx_word' id='word_1_166' title='bbox 589 2534 698 2616; x_wconf 89' lang='lat' dir='ltr'>ipsum</span> <span class='ocrx_word' id='word_1_167' title='bbox 723 2534 1001 2600; x_wconf 85' lang='lat' dir='ltr'>demonstrassc¹‘.</span> <span class='ocrx_word' id='word_1_168' title='bbox 1026 2534 1117 2599; x_wconf 88' lang='lat' dir='ltr'>Haec</span> <span class='ocrx_word' id='word_1_169' title='bbox 1135 2534 1412 2616; x_wconf 84' lang='lat' dir='ltr'>praestantissimi</span> <span class='ocrx_word' id='word_1_170' title='bbox 1429 2535 1490 2601; x_wconf 84' lang='lat' dir='ltr'>viri</span> <span class='ocrx_word' id='word_1_171' title='bbox 1507 2537 1586 2600; x_wconf 84' lang='lat' dir='ltr'>inter-</span> 
     </span>
     <span class='ocr_line' id='line_1_20' title="bbox 332 2639 1587 2724; baseline 0.002 -20"><span class='ocrx_word' id='word_1_172' title='bbox 332 2640 474 2722; x_wconf 84' lang='lat' dir='ltr'>pretatio</span> <span class='ocrx_word' id='word_1_173' title='bbox 500 2639 714 2706; x_wconf 85' lang='lat' dir='ltr'>confirmatur</span> <span class='ocrx_word' id='word_1_174' title='bbox 736 2642 834 2706; x_wconf 87' lang='lat' dir='ltr'>ctiam</span> <span class='ocrx_word' id='word_1_175' title='bbox 858 2660 956 2707; x_wconf 86' lang='lat' dir='ltr'>uersu</span> <span class='ocrx_word' id='word_1_176' title='bbox 972 2639 1031 2706; x_wconf 83' lang='lat' dir='ltr'>Ec.</span> <span class='ocrx_word' id='word_1_177' title='bbox 1056 2647 1120 2706; x_wconf 88' lang='grc'><strong>446</strong></span> <span class='ocrx_word' id='word_1_178' title='bbox 1138 2660 1186 2724; x_wconf 88' lang='lat' dir='ltr'>sq.</span> <span class='ocrx_word' id='word_1_179' title='bbox 1204 2644 1396 2721; x_wconf 62' lang='lat' dir='ltr'>cupiditiam</span> <span class='ocrx_word' id='word_1_180' title='bbox 1408 2644 1490 2723; x_wconf 89' lang='grc' dir='ltr'>πρὸς</span> <span class='ocrx_word' id='word_1_181' title='bbox 1512 2641 1587 2716; x_wconf 89' lang='grc' dir='ltr'>ἀλλή-</span> 
     </span>
     <span class='ocr_line' id='line_1_21' title="bbox 333 2746 1584 2827; baseline -0.004 -15"><span class='ocrx_word' id='word_1_182' title='bbox 333 2751 391 2824; x_wconf 87' lang='grc' dir='ltr'>λας</span> <span class='ocrx_word' id='word_1_183' title='bbox 407 2747 558 2825; x_wconf 81' lang='grc' dir='ltr'>-μόνας</span> <span class='ocrx_word' id='word_1_184' title='bbox 582 2748 703 2827; x_wconf 87' lang='grc' dir='ltr'>μόναις,</span> <span class='ocrx_word' id='word_1_185' title='bbox 726 2747 781 2813; x_wconf 92' lang='lat' dir='ltr'>ubi</span> <span class='ocrx_word' id='word_1_186' title='bbox 807 2747 925 2813; x_wconf 89' lang='lat' dir='ltr'>similis</span> <span class='ocrx_word' id='word_1_187' title='bbox 960 2749 1100 2812; x_wconf 87' lang='lat' dir='ltr'>mutatio</span> <span class='ocrx_word' id='word_1_188' title='bbox 1138 2746 1394 2813; x_wconf 85' lang='lat' dir='ltr'>constructionis</span> <span class='ocrx_word' id='word_1_189' title='bbox 1430 2747 1584 2817; x_wconf 73' lang='lat' dir='ltr'>invenitur,</span> 
     </span>
     <span class='ocr_line' id='line_1_22' title="bbox 333 2853 1585 2948; baseline -0.004 -29"><span class='ocrx_word' id='word_1_190' title='bbox 333 2854 512 2948; x_wconf 83' lang='lat' dir='ltr'>codemque</span> <span class='ocrx_word' id='word_1_191' title='bbox 537 2855 632 2919; x_wconf 92' lang='lat' dir='ltr'>modo</span> <span class='ocrx_word' id='word_1_192' title='bbox 667 2855 753 2921; x_wconf 89' lang='lat' dir='ltr'>bunc</span> <span class='ocrx_word' id='word_1_193' title='bbox 786 2854 893 2920; x_wconf 89' lang='lat' dir='ltr'>locum</span> <span class='ocrx_word' id='word_1_194' title='bbox 929 2855 1108 2921; x_wconf 81' lang='lat' dir='ltr'>scholiasta</span> <span class='ocrx_word' id='word_1_195' title='bbox 1143 2853 1294 2936; x_wconf 84' lang='lat' dir='ltr'>explicat:</span> <span class='ocrx_word' id='word_1_196' title='bbox 1331 2855 1398 2919; x_wconf 86' lang='grc' dir='ltr'>ἀντὶ</span> <span class='ocrx_word' id='word_1_197' title='bbox 1433 2859 1489 2920; x_wconf 84' lang='grc' dir='ltr'>τοῦ</span> <span class='ocrx_word' id='word_1_198' title='bbox 1522 2854 1585 2931; x_wconf 86' lang='grc' dir='ltr'>πρὸς</span> 
     </span>
     <span class='ocr_line' id='line_1_23' title="bbox 333 2959 1622 3042; baseline -0.003 -18"><span class='ocrx_word' id='word_1_199' title='bbox 333 2962 477 3041; x_wconf 82' lang='grc' dir='ltr'>ἐμαυτόν.</span> <span class='ocrx_word' id='word_1_200' title='bbox 506 2959 646 3026; x_wconf 86' lang='grc' dir='ltr'>Ἀττικὸν</span> <span class='ocrx_word' id='word_1_201' title='bbox 669 2963 704 3025; x_wconf 78' lang='grc' dir='ltr'>δὲ</span> <span class='ocrx_word' id='word_1_202' title='bbox 727 2963 763 3026; x_wconf 87' lang='grc' dir='ltr'>τὸ</span> <span class='ocrx_word' id='word_1_203' title='bbox 787 2965 915 3027; x_wconf 88' lang='grc' dir='ltr'>τοιοῦτο</span> <span class='ocrx_word' id='word_1_204' title='bbox 940 2965 1056 3042; x_wconf 82' lang='grc' dir='ltr'>σχῆμα.</span> <span class='ocrx_word' id='word_1_205' title='bbox 1083 2963 1128 3039; x_wconf 85' lang='grc' dir='ltr'>ὡς</span> <span class='ocrx_word' id='word_1_206' title='bbox 1157 2963 1198 3039; x_wconf 87' lang='grc' dir='ltr'>μή</span> <span class='ocrx_word' id='word_1_207' title='bbox 1236 2963 1405 3039; x_wconf 84' lang='grc' dir='ltr'>συνιέντος</span> <span class='ocrx_word' id='word_1_208' title='bbox 1440 2963 1475 3026; x_wconf 79' lang='grc' dir='ltr'>δέ</span> <span class='ocrx_word' id='word_1_209' title='bbox 1509 2960 1585 3025; x_wconf 87' lang='grc' dir='ltr'>αὐτῶ</span> <span class='ocrx_word' id='word_1_210' title='bbox 1621 2971 1622 2974; x_wconf 75' lang='grc'>’</span> 
     </span>
     <span class='ocr_line' id='line_1_24' title="bbox 332 3029 1622 3153; baseline 0.005 -23"><span class='ocrx_word' id='word_1_211' title='bbox 332 3067 472 3131; x_wconf 81' lang='grc' dir='ltr'>δείκνυσι</span> <span class='ocrx_word' id='word_1_212' title='bbox 494 3073 538 3151; x_wconf 84' lang='grc' dir='ltr'>τῷ</span> <span class='ocrx_word' id='word_1_213' title='bbox 562 3068 717 3153; x_wconf 80' lang='grc' dir='ltr'>δακτύλῳ,</span> <span class='ocrx_word' id='word_1_214' title='bbox 743 3069 811 3148; x_wconf 84' lang='grc' dir='ltr'>ἐμοὶ</span> <span class='ocrx_word' id='word_1_215' title='bbox 836 3069 939 3144; x_wconf 87' lang='grc' dir='ltr'>λέγων</span> <span class='ocrx_word' id='word_1_216' title='bbox 974 3069 1024 3131; x_wconf 87' lang='grc' dir='ltr'>καὶ</span> <span class='ocrx_word' id='word_1_217' title='bbox 1059 3067 1307 3131; x_wconf 76' lang='lat' dir='ltr'>consevi-414</span> <span class='ocrx_word' id='word_1_218' title='bbox 1334 3067 1491 3146; x_wconf 84' lang='grc' dir='ltr'>ἀντιβολῶ</span> <span class='ocrx_word' id='word_1_219' title='bbox 1522 3063 1585 3140; x_wconf 80' lang='grc' dir='ltr'>πρὸς</span> <span class='ocrx_word' id='word_1_220' title='bbox 1621 3029 1622 3093; x_wconf 37' lang='grc' dir='ltr'>ά</span> 
     </span>
     <span class='ocr_line' id='line_1_25' title="bbox 332 3173 1008 3252; baseline -0.001 -16"><span class='ocrx_word' id='word_1_221' title='bbox 332 3176 397 3237; x_wconf 91' lang='grc' dir='ltr'>τῶν</span> <span class='ocrx_word' id='word_1_222' title='bbox 420 3173 567 3248; x_wconf 89' lang='grc' dir='ltr'>γονάτων</span> <span class='ocrx_word' id='word_1_223' title='bbox 592 3173 739 3251; x_wconf 83' lang='grc' dir='ltr'>σε-δός</span> <span class='ocrx_word' id='word_1_224' title='bbox 762 3195 814 3251; x_wconf 89' lang='grc' dir='ltr'>μοι</span> <span class='ocrx_word' id='word_1_225' title='bbox 839 3174 949 3252; x_wconf 88' lang='grc' dir='ltr'>ῥάκιόν</span> <span class='ocrx_word' id='word_1_226' title='bbox 971 3195 1008 3236; x_wconf 89' lang='grc' dir='ltr'>τι.</span> 
     </span>
    </p>

    <p class='ocr_par' dir='ltr' id='par_1_3' title="bbox 334 3279 1586 3464">
     <span class='ocr_line' id='line_1_26' title="bbox 376 3279 1586 3365; baseline -0.001 -21"><span class='ocrx_word' id='word_1_227' title='bbox 376 3281 415 3345; x_wconf 85' lang='grc' dir='ltr'>Ε,</span> <span class='ocrx_word' id='word_1_228' title='bbox 441 3282 501 3345; x_wconf 91' lang='grc'>341</span> <span class='ocrx_word' id='word_1_229' title='bbox 527 3282 628 3359; x_wconf 81' lang='grc' dir='ltr'>πάρες</span> <span class='ocrx_word' id='word_1_230' title='bbox 651 3303 703 3360; x_wconf 90' lang='grc' dir='ltr'>πρ.</span> <span class='ocrx_word' id='word_1_231' title='bbox 728 3303 754 3348; x_wconf 89' lang='grc' dir='ltr'>τ.</span> <span class='ocrx_word' id='word_1_232' title='bbox 779 3285 863 3346; x_wconf 91' lang='grc' dir='ltr'>θεῶν</span> <span class='ocrx_word' id='word_1_233' title='bbox 888 3280 975 3365; x_wconf 83' lang='grc' dir='ltr'>αὐτῷ</span> <span class='ocrx_word' id='word_1_234' title='bbox 999 3283 1214 3357; x_wconf 83' lang='grc' dir='ltr'>διαρραγῆναι.</span> <span class='ocrx_word' id='word_1_235' title='bbox 1241 3282 1323 3343; x_wconf 78' lang='grc'>1297</span> <span class='ocrx_word' id='word_1_236' title='bbox 1350 3279 1527 3357; x_wconf 79' lang='grc' dir='ltr'>ἴθι-πρὸς</span> <span class='ocrx_word' id='word_1_237' title='bbox 1546 3295 1586 3351; x_wconf 82' lang='grc' dir='ltr'>γο-</span> 
     </span>
     <span class='ocr_line' id='line_1_27' title="bbox 334 3388 589 3464; baseline 0 -14"><span class='ocrx_word' id='word_1_238' title='bbox 334 3388 449 3464; x_wconf 91' lang='grc' dir='ltr'>νάτων,</span> <span class='ocrx_word' id='word_1_239' title='bbox 475 3389 589 3456; x_wconf 81' lang='grc' dir='ltr'>ἔξελθε.</span> 
     </span>
    </p>
   </div>
   <div class='ocr_carea' id='block_1_3' title="bbox 378 3445 1621 3574">
    <p class='ocr_par' dir='ltr' id='par_1_4' title="bbox 378 3445 1621 3574">
     <span class='ocr_line' id='line_1_28' title="bbox 378 3445 1621 3574; baseline -0.005 -16"><span class='ocrx_word' id='word_1_240' title='bbox 378 3495 418 3558; x_wconf 89' lang='lat' dir='ltr'>N.</span> <span class='ocrx_word' id='word_1_241' title='bbox 446 3499 508 3560; x_wconf 86' lang='grc'>314</span> <span class='ocrx_word' id='word_1_242' title='bbox 532 3499 615 3574; x_wconf 86' lang='grc' dir='ltr'>πρὸς</span> <span class='ocrx_word' id='word_1_243' title='bbox 639 3498 694 3558; x_wconf 86' lang='grc' dir='ltr'>τοῦ</span> <span class='ocrx_word' id='word_1_244' title='bbox 720 3496 800 3574; x_wconf 85' lang='grc' dir='ltr'>Διὸς</span> <span class='ocrx_word' id='word_1_245' title='bbox 824 3496 980 3574; x_wconf 83' lang='grc' dir='ltr'>ἀντιβολῶ</span> <span class='ocrx_word' id='word_1_246' title='bbox 1006 3512 1045 3558; x_wconf 95' lang='grc' dir='ltr'>σε</span> <span class='ocrx_word' id='word_1_247' title='bbox 1069 3494 1212 3574; x_wconf 88' lang='grc' dir='ltr'>φράσον.</span> <span class='ocrx_word' id='word_1_248' title='bbox 1239 3495 1301 3557; x_wconf 88' lang='grc'>366</span> <span class='ocrx_word' id='word_1_249' title='bbox 1326 3493 1344 3556; x_wconf 89' lang='grc' dir='ltr'>ὁ</span> <span class='ocrx_word' id='word_1_250' title='bbox 1368 3495 1451 3573; x_wconf 87' lang='grc' dir='ltr'>Ζεὺς</span> <span class='ocrx_word' id='word_1_251' title='bbox 1473 3491 1500 3558; x_wconf 79' lang='grc' dir='ltr'>δ’</span> <span class='ocrx_word' id='word_1_252' title='bbox 1522 3493 1584 3570; x_wconf 87' lang='grc' dir='ltr'>ἡμῖν,</span> <span class='ocrx_word' id='word_1_253' title='bbox 1620 3445 1621 3525; x_wconf 52' lang='grc' dir='ltr'>ά</span> 
     </span>
    </p>
   </div>
   <div class='ocr_carea' id='block_1_4' title="bbox 334 3601 1619 4219">
    <p class='ocr_par' dir='ltr' id='par_1_5' title="bbox 334 3601 1620 3792">
     <span class='ocr_line' id='line_1_29' title="bbox 334 3601 1585 3682; baseline -0.005 -18"><span class='ocrx_word' id='word_1_254' title='bbox 334 3603 413 3681; x_wconf 87' lang='grc' dir='ltr'>φέρε</span> <span class='ocrx_word' id='word_1_255' title='bbox 435 3605 518 3682; x_wconf 90' lang='grc' dir='ltr'>πρὸς</span> <span class='ocrx_word' id='word_1_256' title='bbox 540 3608 598 3681; x_wconf 88' lang='grc' dir='ltr'>τῆς</span> <span class='ocrx_word' id='word_1_257' title='bbox 621 3607 690 3680; x_wconf 83' lang='grc' dir='ltr'>γῆς,</span> <span class='ocrx_word' id='word_1_258' title='bbox 716 3604 889 3681; x_wconf 86' lang='grc' dir='ltr'>οὑλύμπιος</span> <span class='ocrx_word' id='word_1_259' title='bbox 913 3603 953 3666; x_wconf 90' lang='grc' dir='ltr'>οὐ</span> <span class='ocrx_word' id='word_1_260' title='bbox 978 3603 1054 3680; x_wconf 91' lang='grc' dir='ltr'>θεός</span> <span class='ocrx_word' id='word_1_261' title='bbox 1080 3602 1176 3679; x_wconf 84' lang='grc' dir='ltr'>έστιν;</span> <span class='ocrx_word' id='word_1_262' title='bbox 1210 3603 1272 3664; x_wconf 86' lang='grc'>784</span> <span class='ocrx_word' id='word_1_263' title='bbox 1297 3604 1348 3665; x_wconf 83' lang='grc' dir='ltr'>ναὶ</span> <span class='ocrx_word' id='word_1_264' title='bbox 1383 3623 1436 3680; x_wconf 94' lang='grc' dir='ltr'>πρ.</span> <span class='ocrx_word' id='word_1_265' title='bbox 1473 3624 1499 3665; x_wconf 95' lang='grc' dir='ltr'>τ.</span> <span class='ocrx_word' id='word_1_266' title='bbox 1522 3601 1585 3662; x_wconf 79' lang='grc' dir='ltr'>θεῶν</span> 
     </span>
     <span class='ocr_line' id='line_1_30' title="bbox 335 3707 1360 3792; baseline -0.002 -20"><span class='ocrx_word' id='word_1_267' title='bbox 335 3710 397 3790; x_wconf 91' lang='lat' dir='ltr'>(sc.</span> <span class='ocrx_word' id='word_1_268' title='bbox 421 3710 573 3792; x_wconf 79' lang='grc' dir='ltr'>δίδαξον).</span> <span class='ocrx_word' id='word_1_269' title='bbox 600 3711 684 3773; x_wconf 87' lang='grc'>1103</span> <span class='ocrx_word' id='word_1_270' title='bbox 709 3730 761 3787; x_wconf 92' lang='grc' dir='ltr'>πρ.</span> <span class='ocrx_word' id='word_1_271' title='bbox 785 3732 811 3774; x_wconf 92' lang='grc' dir='ltr'>τ.</span> <span class='ocrx_word' id='word_1_272' title='bbox 837 3713 920 3772; x_wconf 90' lang='grc' dir='ltr'>θεῶν</span> <span class='ocrx_word' id='word_1_273' title='bbox 943 3709 1079 3775; x_wconf 81' lang='grc' dir='ltr'>δέξασθέ</span> <span class='ocrx_word' id='word_1_274' title='bbox 1103 3729 1164 3788; x_wconf 91' lang='grc' dir='ltr'>μου</span> <span class='ocrx_word' id='word_1_275' title='bbox 1188 3707 1360 3785; x_wconf 89' lang='grc' dir='ltr'>θοίμάτιον.</span> 
     </span>
    </p>

    <p class='ocr_par' dir='ltr' id='par_1_6' title="bbox 335 3808 1619 4116">
     <span class='ocr_line' id='line_1_31' title="bbox 379 3808 1584 3897; baseline -0.005 -21"><span class='ocrx_word' id='word_1_276' title='bbox 379 3815 419 3880; x_wconf 84' lang='lat' dir='ltr'>V.</span> <span class='ocrx_word' id='word_1_277' title='bbox 446 3820 510 3880; x_wconf 90' lang='grc'>760</span> <span class='ocrx_word' id='word_1_278' title='bbox 534 3838 586 3896; x_wconf 89' lang='grc' dir='ltr'>πρ.</span> <span class='ocrx_word' id='word_1_279' title='bbox 611 3838 637 3886; x_wconf 90' lang='grc' dir='ltr'>τ.</span> <span class='ocrx_word' id='word_1_280' title='bbox 663 3822 746 3881; x_wconf 88' lang='grc' dir='ltr'>θεῶν</span> <span class='ocrx_word' id='word_1_281' title='bbox 771 3818 839 3897; x_wconf 83' lang='grc' dir='ltr'>ἐμοὶ</span> <span class='ocrx_word' id='word_1_282' title='bbox 861 3820 963 3880; x_wconf 85' lang='grc' dir='ltr'>πιθοῦ,</span> <span class='ocrx_word' id='word_1_283' title='bbox 1001 3819 1064 3878; x_wconf 85' lang='grc'>319</span> <span class='ocrx_word' id='word_1_284' title='bbox 1090 3836 1141 3892; x_wconf 90' lang='grc' dir='ltr'>πρ.</span> <span class='ocrx_word' id='word_1_285' title='bbox 1176 3836 1202 3878; x_wconf 93' lang='grc' dir='ltr'>τ.</span> <span class='ocrx_word' id='word_1_286' title='bbox 1240 3817 1323 3878; x_wconf 92' lang='grc' dir='ltr'>θεῶν</span> <span class='ocrx_word' id='word_1_287' title='bbox 1352 3816 1392 3892; x_wconf 90' lang='grc' dir='ltr'>μὴ</span> <span class='ocrx_word' id='word_1_288' title='bbox 1422 3808 1584 3892; x_wconf 52' lang='grc' dir='ltr'>προκαταγίι</span> 
     </span>
     <span class='ocr_line' id='line_1_32' title="bbox 335 3915 1582 4004; baseline -0.002 -16"><span class='ocrx_word' id='word_1_289' title='bbox 335 3941 472 4000; x_wconf 89' lang='grc' dir='ltr'>γνωσκε.</span> <span class='ocrx_word' id='word_1_290' title='bbox 501 3925 584 3988; x_wconf 83' lang='grc'>1383</span> <span class='ocrx_word' id='word_1_291' title='bbox 606 3924 648 3989; x_wconf 88' lang='grc' dir='ltr'>ἴθι</span> <span class='ocrx_word' id='word_1_292' title='bbox 672 3946 724 4004; x_wconf 87' lang='grc' dir='ltr'>μοι</span> <span class='ocrx_word' id='word_1_293' title='bbox 748 3919 928 4003; x_wconf 86' lang='grc' dir='ltr'>παράστηθ’</span> <span class='ocrx_word' id='word_1_294' title='bbox 954 3923 1109 4002; x_wconf 84' lang='grc' dir='ltr'>ἀντιβολῶ</span> <span class='ocrx_word' id='word_1_295' title='bbox 1133 3943 1185 3999; x_wconf 90' lang='grc' dir='ltr'>πρ.</span> <span class='ocrx_word' id='word_1_296' title='bbox 1209 3944 1236 3989; x_wconf 90' lang='grc' dir='ltr'>τ,</span> <span class='ocrx_word' id='word_1_297' title='bbox 1261 3926 1355 3985; x_wconf 92' lang='grc' dir='ltr'>θεῶν.</span> <span class='ocrx_word' id='word_1_298' title='bbox 1383 3925 1467 3986; x_wconf 88' lang='grc'><strong>1416</strong></span> <span class='ocrx_word' id='word_1_299' title='bbox 1491 3923 1527 4001; x_wconf 87' lang='grc' dir='ltr'>μὴ</span> <span class='ocrx_word' id='word_1_300' title='bbox 1559 3915 1582 3996; x_wconf 74' lang='grc' dir='ltr'>μὴ</span> 
     </span>
     <span class='ocr_line' id='line_1_33' title="bbox 337 4034 1619 4116; baseline -0.003 -22"><span class='ocrx_word' id='word_1_301' title='bbox 337 4034 456 4116; x_wconf 83' lang='grc' dir='ltr'>καλέσῃ</span> <span class='ocrx_word' id='word_1_302' title='bbox 481 4054 533 4111; x_wconf 91' lang='grc' dir='ltr'>πρ.</span> <span class='ocrx_word' id='word_1_303' title='bbox 558 4055 584 4096; x_wconf 95' lang='grc' dir='ltr'>τ.</span> <span class='ocrx_word' id='word_1_304' title='bbox 611 4036 704 4100; x_wconf 89' lang='grc' dir='ltr'>θεῶν,</span> <span class='ocrx_word' id='word_1_305' title='bbox 1618 4079 1619 4090; x_wconf 67' lang='grc'>,</span> 
     </span>
    </p>

    <p class='ocr_par' dir='ltr' id='par_1_7' title="bbox 379 4133 1584 4219">
     <span class='ocr_line' id='line_1_34' title="bbox 379 4133 1584 4219; baseline -0.004 -17"><span class='ocrx_word' id='word_1_306' title='bbox 379 4139 413 4203; x_wconf 92' lang='grc' dir='ltr'>Ρ,</span> <span class='ocrx_word' id='word_1_307' title='bbox 440 4145 457 4203; x_wconf 87' lang='grc' dir='ltr'>θ</span> <span class='ocrx_word' id='word_1_308' title='bbox 482 4141 707 4219; x_wconf 88' lang='grc' dir='ltr'>προσλάβεσθε</span> <span class='ocrx_word' id='word_1_309' title='bbox 732 4142 813 4219; x_wconf 90' lang='grc' dir='ltr'>πρὸς</span> <span class='ocrx_word' id='word_1_310' title='bbox 838 4143 930 4204; x_wconf 92' lang='grc' dir='ltr'>θεῶν.</span> <span class='ocrx_word' id='word_1_311' title='bbox 957 4139 1020 4201; x_wconf 78' lang='grc'>323</span> <span class='ocrx_word' id='word_1_312' title='bbox 1045 4141 1197 4218; x_wconf 84' lang='grc' dir='ltr'>μηδαμῶς</span> <span class='ocrx_word' id='word_1_313' title='bbox 1219 4156 1271 4213; x_wconf 91' lang='grc' dir='ltr'>πρ.</span> <span class='ocrx_word' id='word_1_314' title='bbox 1289 4159 1315 4201; x_wconf 93' lang='grc' dir='ltr'>τ.</span> <span class='ocrx_word' id='word_1_315' title='bbox 1339 4133 1584 4215; x_wconf 85' lang='grc' dir='ltr'>θεῶν-διαφθεί·</span> 
     </span>
    </p>
   </div>
   <div class='ocr_carea' id='block_1_5' title="bbox 337 4242 1585 4756">
    <p class='ocr_par' dir='ltr' id='par_1_8' title="bbox 337 4242 1585 4438">
     <span class='ocr_line' id='line_1_35' title="bbox 337 4242 1585 4329; baseline -0.008 -20"><span class='ocrx_word' id='word_1_316' title='bbox 337 4268 420 4325; x_wconf 89' lang='grc' dir='ltr'>ρητε.</span> <span class='ocrx_word' id='word_1_317' title='bbox 447 4249 508 4310; x_wconf 90' lang='grc'>376</span> <span class='ocrx_word' id='word_1_318' title='bbox 533 4249 574 4328; x_wconf 86' lang='grc' dir='ltr'>μή</span> <span class='ocrx_word' id='word_1_319' title='bbox 598 4269 650 4326; x_wconf 87' lang='grc' dir='ltr'>πρ.</span> <span class='ocrx_word' id='word_1_320' title='bbox 674 4270 701 4311; x_wconf 91' lang='grc' dir='ltr'>τ.</span> <span class='ocrx_word' id='word_1_321' title='bbox 727 4252 810 4312; x_wconf 91' lang='grc' dir='ltr'>θεῶν</span> <span class='ocrx_word' id='word_1_322' title='bbox 835 4248 924 4326; x_wconf 88' lang='grc' dir='ltr'>ἡμῶν</span> <span class='ocrx_word' id='word_1_323' title='bbox 948 4246 1104 4329; x_wconf 79' lang='grc' dir='ltr'>κατείπῃς,</span> <span class='ocrx_word' id='word_1_324' title='bbox 1142 4247 1205 4308; x_wconf 86' lang='grc'>376</span> <span class='ocrx_word' id='word_1_325' title='bbox 1242 4245 1292 4306; x_wconf 88' lang='grc' dir='ltr'>ναὶ</span> <span class='ocrx_word' id='word_1_326' title='bbox 1314 4245 1397 4320; x_wconf 90' lang='grc' dir='ltr'>πρὸς</span> <span class='ocrx_word' id='word_1_327' title='bbox 1420 4247 1483 4308; x_wconf 92' lang='grc' dir='ltr'>τῶν</span> <span class='ocrx_word' id='word_1_328' title='bbox 1505 4242 1585 4318; x_wconf 85' lang='grc' dir='ltr'>κρεῶν</span> 
     </span>
     <span class='ocr_line' id='line_1_36' title="bbox 337 4350 1360 4438; baseline -0.004 -20"><span class='ocrx_word' id='word_1_329' title='bbox 337 4353 397 4438; x_wconf 88' lang='lat' dir='ltr'>(sc.</span> <span class='ocrx_word' id='word_1_330' title='bbox 423 4357 616 4438; x_wconf 87' lang='grc' dir='ltr'>σιώπησον).</span> <span class='ocrx_word' id='word_1_331' title='bbox 643 4357 727 4420; x_wconf 88' lang='grc'><strong>1113</strong></span> <span class='ocrx_word' id='word_1_332' title='bbox 754 4359 805 4421; x_wconf 87' lang='grc' dir='ltr'>ναὶ</span> <span class='ocrx_word' id='word_1_333' title='bbox 828 4356 909 4434; x_wconf 86' lang='grc' dir='ltr'>πρὸς</span> <span class='ocrx_word' id='word_1_334' title='bbox 933 4359 997 4418; x_wconf 93' lang='grc' dir='ltr'>τῶν</span> <span class='ocrx_word' id='word_1_335' title='bbox 1019 4353 1166 4429; x_wconf 88' lang='grc' dir='ltr'>γονάτων</span> <span class='ocrx_word' id='word_1_336' title='bbox 1191 4353 1251 4433; x_wconf 91' lang='lat' dir='ltr'>(sc.</span> <span class='ocrx_word' id='word_1_337' title='bbox 1276 4350 1360 4432; x_wconf 79' lang='grc' dir='ltr'>δός).</span> 
     </span>
    </p>

    <p class='ocr_par' dir='ltr' id='par_1_9' title="bbox 337 4451 1584 4649">
     <span class='ocr_line' id='line_1_37' title="bbox 381 4451 1584 4542; baseline -0.008 -17"><span class='ocrx_word' id='word_1_338' title='bbox 381 4461 441 4526; x_wconf 83' lang='lat' dir='ltr'>Au.</span> <span class='ocrx_word' id='word_1_339' title='bbox 471 4465 531 4526; x_wconf 88' lang='lat'>130</span> <span class='ocrx_word' id='word_1_340' title='bbox 554 4467 636 4542; x_wconf 87' lang='grc' dir='ltr'>πρὸς</span> <span class='ocrx_word' id='word_1_341' title='bbox 660 4467 717 4527; x_wconf 86' lang='grc' dir='ltr'>τοῦ</span> <span class='ocrx_word' id='word_1_342' title='bbox 743 4465 824 4542; x_wconf 89' lang='grc' dir='ltr'>Διὸς</span> <span class='ocrx_word' id='word_1_343' title='bbox 847 4463 1041 4540; x_wconf 84' lang='grc' dir='ltr'>τούλυμπίου</span> <span class='ocrx_word' id='word_1_344' title='bbox 1068 4460 1159 4537; x_wconf 84' lang='grc' dir='ltr'>ὅπως</span> <span class='ocrx_word' id='word_1_345' title='bbox 1184 4460 1318 4537; x_wconf 85' lang='grc' dir='ltr'>παρέσει</span> <span class='ocrx_word' id='word_1_346' title='bbox 1342 4480 1403 4538; x_wconf 90' lang='grc' dir='ltr'>μοι.</span> <span class='ocrx_word' id='word_1_347' title='bbox 1440 4463 1500 4524; x_wconf 88' lang='grc'>663</span> <span class='ocrx_word' id='word_1_348' title='bbox 1522 4451 1584 4530; x_wconf 78' lang='grc' dir='ltr'>ἐκβί-</span> 
     </span>
     <span class='ocr_line' id='line_1_38' title="bbox 337 4573 686 4649; baseline 0 -15"><span class='ocrx_word' id='word_1_349' title='bbox 337 4573 569 4649; x_wconf 73' lang='grc' dir='ltr'>βασον-πρὸς</span> <span class='ocrx_word' id='word_1_350' title='bbox 593 4577 686 4638; x_wconf 89' lang='grc' dir='ltr'>θεῶν.</span> 
     </span>
    </p>

    <p class='ocr_par' dir='ltr' id='par_1_10' title="bbox 383 4676 1446 4756">
     <span class='ocr_line' id='line_1_39' title="bbox 383 4676 1446 4756; baseline -0.004 -16"><span class='ocrx_word' id='word_1_351' title='bbox 383 4678 419 4742; x_wconf 91' lang='lat' dir='ltr'>L.</span> <span class='ocrx_word' id='word_1_352' title='bbox 445 4681 509 4742; x_wconf 79' lang='grc'>650</span> <span class='ocrx_word' id='word_1_353' title='bbox 533 4700 584 4756; x_wconf 92' lang='grc' dir='ltr'>πρ.</span> <span class='ocrx_word' id='word_1_354' title='bbox 610 4701 636 4742; x_wconf 87' lang='grc' dir='ltr'>τ.</span> <span class='ocrx_word' id='word_1_355' title='bbox 661 4677 977 4744; x_wconf 75' lang='grc' dir='ltr'>θεῶν-ἐκκάλεσον.</span> <span class='ocrx_word' id='word_1_356' title='bbox 1007 4679 1087 4740; x_wconf 81' lang='grc'><strong>1245</strong></span> <span class='ocrx_word' id='word_1_357' title='bbox 1113 4676 1286 4753; x_wconf 83' lang='grc' dir='ltr'>λαβὲ-πρ</span> <span class='ocrx_word' id='word_1_358' title='bbox 1304 4697 1329 4739; x_wconf 92' lang='grc' dir='ltr'>τ.</span> <span class='ocrx_word' id='word_1_359' title='bbox 1354 4679 1446 4740; x_wconf 89' lang='grc' dir='ltr'>θεῶν.</span> 
     </span>
    </p>
   </div>
   <div class='ocr_carea' id='block_1_6' title="bbox 0 0 1674 5372">
    <p class='ocr_par' dir='ltr' id='par_1_11' title="bbox 0 0 1674 5372">
     <span class='ocr_line' id='line_1_40' title="bbox 0 0 1674 5372; baseline 0 0"><span class='ocrx_word' id='word_1_360' title='bbox 0 0 1674 5372; x_wconf 95' lang='lat' dir='ltr'> </span> 
     </span>
    </p>
   </div>
  </div>
 </body>
</html>
