<?xml version="1.0" encoding="UTF-8"?>
<!DOCTYPE html PUBLIC "-//W3C//DTD XHTML 1.0 Transitional//EN"
    "http://www.w3.org/TR/xhtml1/DTD/xhtml1-transitional.dtd">
<html xmlns="http://www.w3.org/1999/xhtml" xml:lang="en" lang="en">
 <head>
  <title>
</title>
<meta http-equiv="Content-Type" content="text/html;charset=utf-8" />
  <meta name='ocr-system' content='tesseract 3.04.00' />
  <meta name='ocr-capabilities' content='ocr_page ocr_carea ocr_par ocr_line ocrx_word'/>
</head>
<body>
  <div class='ocr_page' id='page_1' title='image "./depraepositionu00sobogoog_0037.png"; bbox 0 0 3328 5370; ppageno 0'>
   <div class='ocr_carea' id='block_1_1' title="bbox 800 464 977 526">
    <p class='ocr_par' dir='ltr' id='par_1_1' title="bbox 800 464 977 526">
     <span class='ocr_line' id='line_1_1' title="bbox 800 464 977 526; baseline 0 -18"><span class='ocrx_word' id='word_1_1' title='bbox 800 464 977 526; x_wconf 66' lang='lat'><strong>..25-</strong></span> 
     </span>
    </p>
   </div>
   <div class='ocr_carea' id='block_1_2' title="bbox 249 627 1566 4664">
    <p class='ocr_par' dir='ltr' id='par_1_2' title="bbox 249 627 1531 824">
     <span class='ocr_line' id='line_1_2' title="bbox 293 627 1531 713; baseline -0.011 -10"><span class='ocrx_word' id='word_1_2' title='bbox 293 635 333 703; x_wconf 82' lang='lat' dir='ltr'><strong>N.</strong></span> <span class='ocrx_word' id='word_1_3' title='bbox 361 637 444 701; x_wconf 85' lang='grc'><strong>1117</strong></span> <span class='ocrx_word' id='word_1_4' title='bbox 468 633 509 710; x_wconf 83' lang='grc' dir='ltr'><strong>ἢν</strong></span> <span class='ocrx_word' id='word_1_5' title='bbox 532 635 608 696; x_wconf 86' lang='grc' dir='ltr'>νεᾶν</span> <span class='ocrx_word' id='word_1_6' title='bbox 633 629 786 711; x_wconf 78' lang='grc' dir='ltr'>βούλησθ’</span> <span class='ocrx_word' id='word_1_7' title='bbox 809 630 844 694; x_wconf 86' lang='grc' dir='ltr'><strong>ἐν</strong></span> <span class='ocrx_word' id='word_1_8' title='bbox 868 630 937 713; x_wconf 86' lang='grc' dir='ltr'><strong>ὥρᾳ</strong></span> <span class='ocrx_word' id='word_1_9' title='bbox 959 629 1036 707; x_wconf 89' lang='grc' dir='ltr'>τοὺς</span> <span class='ocrx_word' id='word_1_10' title='bbox 1060 628 1191 708; x_wconf 86' lang='grc' dir='ltr'>ἀγρούς,</span> <span class='ocrx_word' id='word_1_11' title='bbox 1226 627 1283 694; x_wconf 92' lang='lat' dir='ltr'><strong>ubi</strong></span> <span class='ocrx_word' id='word_1_12' title='bbox 1318 627 1431 695; x_wconf 83' lang='lat' dir='ltr'><strong>schot:</strong></span> <span class='ocrx_word' id='word_1_13' title='bbox 1457 627 1531 692; x_wconf 74' lang='lat' dir='ltr'><strong>duri</strong></span> 
     </span>
     <span class='ocr_line' id='line_1_3' title="bbox 249 723 1017 824; baseline -0.008 -15"><span class='ocrx_word' id='word_1_14' title='bbox 249 747 305 810; x_wconf 86' lang='grc' dir='ltr'><strong>τοῦ</strong></span> <span class='ocrx_word' id='word_1_15' title='bbox 333 744 367 808; x_wconf 90' lang='grc' dir='ltr'><strong>ἐν</strong></span> <span class='ocrx_word' id='word_1_16' title='bbox 391 745 501 824; x_wconf 83' lang='grc' dir='ltr'>καιρῷ.</span> <span class='ocrx_word' id='word_1_17' title='bbox 1014 723 1017 730; x_wconf 65' lang='grc'><strong>’</strong></span> 
     </span>
    </p>

    <p class='ocr_par' dir='ltr' id='par_1_3' title="bbox 249 840 1566 1457">
     <span class='ocr_line' id='line_1_4' title="bbox 295 840 1531 929; baseline -0.007 -16"><span class='ocrx_word' id='word_1_18' title='bbox 295 849 333 913; x_wconf 88' lang='lat' dir='ltr'><strong>V.</strong></span> <span class='ocrx_word' id='word_1_19' title='bbox 359 850 423 912; x_wconf 91' lang='grc'><strong>242</strong></span> <span class='ocrx_word' id='word_1_20' title='bbox 448 848 483 913; x_wconf 88' lang='grc' dir='ltr'><strong>ἐν</strong></span> <span class='ocrx_word' id='word_1_21' title='bbox 507 845 576 929; x_wconf 84' lang='grc' dir='ltr'><strong>ὥρᾳ</strong></span> <span class='ocrx_word' id='word_1_22' title='bbox 598 845 696 924; x_wconf 83' lang='grc' dir='ltr'>ἥκειν,</span> <span class='ocrx_word' id='word_1_23' title='bbox 720 843 776 909; x_wconf 82' lang='lat' dir='ltr'><strong>ubi</strong></span> <span class='ocrx_word' id='word_1_24' title='bbox 801 842 914 908; x_wconf 84' lang='lat' dir='ltr'><strong>schol:</strong></span> <span class='ocrx_word' id='word_1_25' title='bbox 941 845 1010 922; x_wconf 93' lang='grc' dir='ltr'><strong>ὥρα</strong></span> <span class='ocrx_word' id='word_1_26' title='bbox 1034 845 1069 908; x_wconf 83' lang='grc' dir='ltr'><strong>δὲ</strong></span> <span class='ocrx_word' id='word_1_27' title='bbox 1092 847 1151 908; x_wconf 85' lang='grc' dir='ltr'><strong>νῦν</strong></span> <span class='ocrx_word' id='word_1_28' title='bbox 1175 842 1235 923; x_wconf 87' lang='grc' dir='ltr'><strong>οὐχ</strong></span> <span class='ocrx_word' id='word_1_29' title='bbox 1258 841 1277 906; x_wconf 83' lang='grc' dir='ltr'>ὁ</span> <span class='ocrx_word' id='word_1_30' title='bbox 1301 845 1421 922; x_wconf 87' lang='grc' dir='ltr'>καιρὸς,</span> <span class='ocrx_word' id='word_1_31' title='bbox 1445 840 1531 906; x_wconf 86' lang='grc' dir='ltr'>ἀλλὰ</span> 
     </span>
     <span class='ocr_line' id='line_1_5' title="bbox 249 947 1530 1037; baseline -0.01 -14"><span class='ocrx_word' id='word_1_32' title='bbox 249 957 383 1037; x_wconf 73' lang='grc' dir='ltr'>ταχέωςε</span> <span class='ocrx_word' id='word_1_33' title='bbox 408 971 491 1036; x_wconf 84' lang='lat' dir='ltr'><strong>quae</strong></span> <span class='ocrx_word' id='word_1_34' title='bbox 515 949 745 1033; x_wconf 76' lang='lat' dir='ltr'><strong>interpretatio</strong></span> <span class='ocrx_word' id='word_1_35' title='bbox 770 967 885 1016; x_wconf 84' lang='lat' dir='ltr'><strong>vereor</strong></span> <span class='ocrx_word' id='word_1_36' title='bbox 910 967 950 1015; x_wconf 93' lang='lat' dir='ltr'><strong>ne</strong></span> <span class='ocrx_word' id='word_1_37' title='bbox 989 967 1053 1015; x_wconf 94' lang='lat' dir='ltr'><strong>non</strong></span> <span class='ocrx_word' id='word_1_38' title='bbox 1079 967 1170 1014; x_wconf 44' lang='lat' dir='ltr'><strong>wveru</strong></span> <span class='ocrx_word' id='word_1_39' title='bbox 1204 950 1262 1017; x_wconf 90' lang='lat' dir='ltr'><strong>sit:</strong></span> <span class='ocrx_word' id='word_1_40' title='bbox 1295 969 1402 1031; x_wconf 86' lang='lat' dir='ltr'><strong>neque</strong></span> <span class='ocrx_word' id='word_1_41' title='bbox 1438 947 1530 1012; x_wconf 89' lang='lat' dir='ltr'><strong>enim</strong></span> 
     </span>
     <span class='ocr_line' id='line_1_6' title="bbox 250 1055 1530 1140; baseline -0.009 -12"><span class='ocrx_word' id='word_1_42' title='bbox 250 1062 329 1139; x_wconf 88' lang='lat' dir='ltr'><strong>cito,</strong></span> <span class='ocrx_word' id='word_1_43' title='bbox 354 1060 471 1125; x_wconf 89' lang='lat' dir='ltr'><strong>sedin</strong></span> <span class='ocrx_word' id='word_1_44' title='bbox 494 1065 646 1140; x_wconf 85' lang='lat' dir='ltr'><strong>tempore</strong></span> <span class='ocrx_word' id='word_1_45' title='bbox 669 1057 719 1122; x_wconf 85' lang='lat' dir='ltr'><strong>vel</strong></span> <span class='ocrx_word' id='word_1_46' title='bbox 743 1074 840 1122; x_wconf 90' lang='lat' dir='ltr'><strong>mane</strong></span> <span class='ocrx_word' id='word_1_47' title='bbox 865 1055 943 1122; x_wconf 80' lang='lat' dir='ltr'><strong>cleo</strong></span> <span class='ocrx_word' id='word_1_48' title='bbox 966 1074 1063 1122; x_wconf 90' lang='lat' dir='ltr'><strong>senes</strong></span> <span class='ocrx_word' id='word_1_49' title='bbox 1088 1057 1206 1122; x_wconf 81' lang='lat' dir='ltr'><strong>adesse</strong></span> <span class='ocrx_word' id='word_1_50' title='bbox 1222 1055 1364 1122; x_wconf 88' lang='lat' dir='ltr'><strong>iussisse</strong></span> <span class='ocrx_word' id='word_1_51' title='bbox 1384 1056 1530 1120; x_wconf 89' lang='lat' dir='ltr'><strong>videtur.</strong></span> 
     </span>
     <span class='ocr_line' id='line_1_7' title="bbox 251 1161 1530 1250; baseline -0.006 -15"><span class='ocrx_word' id='word_1_52' title='bbox 251 1171 362 1250; x_wconf 82' lang='lat' dir='ltr'><strong>Atque</strong></span> <span class='ocrx_word' id='word_1_53' title='bbox 389 1165 444 1248; x_wconf 79' lang='lat' dir='ltr'><strong>„in</strong></span> <span class='ocrx_word' id='word_1_54' title='bbox 467 1166 636 1246; x_wconf 84' lang='lat' dir='ltr'><strong>tempore“</strong></span> <span class='ocrx_word' id='word_1_55' title='bbox 663 1163 840 1229; x_wconf 83' lang='lat' dir='ltr'><strong>Passovius</strong></span> <span class='ocrx_word' id='word_1_56' title='bbox 865 1161 996 1245; x_wconf 89' lang='lat' dir='ltr'><strong>quoque</strong></span> <span class='ocrx_word' id='word_1_57' title='bbox 1019 1167 1052 1228; x_wconf 92' lang='lat' dir='ltr'><strong>et</strong></span> <span class='ocrx_word' id='word_1_58' title='bbox 1073 1162 1204 1245; x_wconf 92' lang='lat' dir='ltr'><strong>Papeus</strong></span> <span class='ocrx_word' id='word_1_59' title='bbox 1228 1164 1262 1228; x_wconf 93' lang='lat' dir='ltr'><strong>in</strong></span> <span class='ocrx_word' id='word_1_60' title='bbox 1288 1163 1404 1230; x_wconf 84' lang='lat' dir='ltr'><strong>lexicis</strong></span> <span class='ocrx_word' id='word_1_61' title='bbox 1426 1163 1458 1226; x_wconf 93' lang='lat' dir='ltr'><strong>iu</strong></span> <span class='ocrx_word' id='word_1_62' title='bbox 1497 1179 1530 1227; x_wconf 90' lang='grc' dir='ltr'><strong>ν.</strong></span> 
     </span>
     <span class='ocr_line' id='line_1_8' title="bbox 252 1264 1527 1354; baseline -0.007 -15"><span class='ocrx_word' id='word_1_63' title='bbox 252 1276 323 1352; x_wconf 85' lang='grc' dir='ltr'><strong>ὥρα</strong></span> <span class='ocrx_word' id='word_1_64' title='bbox 346 1271 552 1352; x_wconf 85' lang='lat' dir='ltr'><strong>intellegunt.</strong></span> <span class='ocrx_word' id='word_1_65' title='bbox 584 1269 631 1336; x_wconf 85' lang='lat' dir='ltr'><strong>cf.</strong></span> <span class='ocrx_word' id='word_1_66' title='bbox 667 1269 766 1334; x_wconf 83' lang='lat' dir='ltr'><strong>etiem</strong></span> <span class='ocrx_word' id='word_1_67' title='bbox 797 1264 867 1334; x_wconf 83' lang='grc'><strong>,689</strong></span> <span class='ocrx_word' id='word_1_68' title='bbox 891 1269 1117 1354; x_wconf 82' lang='grc' dir='ltr'>ἥκειν-πρῴ</span> <span class='ocrx_word' id='word_1_69' title='bbox 1141 1269 1201 1334; x_wconf 90' lang='grc' dir='ltr'><strong>κάν</strong></span> <span class='ocrx_word' id='word_1_70' title='bbox 1225 1270 1304 1352; x_wconf 87' lang='grc' dir='ltr'>ὥρᾳ,</span> <span class='ocrx_word' id='word_1_71' title='bbox 1330 1268 1386 1334; x_wconf 92' lang='lat' dir='ltr'><strong>ubi</strong></span> <span class='ocrx_word' id='word_1_72' title='bbox 1411 1266 1527 1334; x_wconf 85' lang='lat' dir='ltr'><strong>schol:</strong></span> 
     </span>
     <span class='ocr_line' id='line_1_9' title="bbox 249 1377 1566 1457; baseline -0.002 -14"><span class='ocrx_word' id='word_1_73' title='bbox 249 1383 306 1443; x_wconf 86' lang='grc' dir='ltr'><strong>τοῦ</strong></span> <span class='ocrx_word' id='word_1_74' title='bbox 332 1379 514 1457; x_wconf 85' lang='grc' dir='ltr'>ὡρισμένου</span> <span class='ocrx_word' id='word_1_75' title='bbox 538 1380 659 1455; x_wconf 83' lang='grc' dir='ltr'>καιροῦ.</span> <span class='ocrx_word' id='word_1_76' title='bbox 959 1381 962 1389; x_wconf 88' lang='grc'><em>“</em></span> <span class='ocrx_word' id='word_1_77' title='bbox 1171 1403 1173 1408; x_wconf 49' lang='lat'><strong><em>⁴</em></strong></span> <span class='ocrx_word' id='word_1_78' title='bbox 1561 1377 1566 1390; x_wconf 71' lang='lat'><strong>⁴</strong></span> 
     </span>
    </p>

    <p class='ocr_par' dir='ltr' id='par_1_4' title="bbox 295 1482 1068 1567">
     <span class='ocr_line' id='line_1_10' title="bbox 295 1482 1068 1567; baseline -0.006 -18"><span class='ocrx_word' id='word_1_79' title='bbox 295 1484 332 1549; x_wconf 92' lang='lat' dir='ltr'><strong>P.</strong></span> <span class='ocrx_word' id='word_1_80' title='bbox 359 1485 421 1547; x_wconf 87' lang='lat'><strong>122</strong></span> <span class='ocrx_word' id='word_1_81' title='bbox 448 1482 524 1548; x_wconf 78' lang='grc' dir='ltr'>ἕξετ’</span> <span class='ocrx_word' id='word_1_82' title='bbox 550 1484 585 1549; x_wconf 87' lang='grc' dir='ltr'><strong>ἐν</strong></span> <span class='ocrx_word' id='word_1_83' title='bbox 608 1483 677 1567; x_wconf 92' lang='grc' dir='ltr'><strong>ὥρᾳ</strong></span> <span class='ocrx_word' id='word_1_84' title='bbox 700 1483 862 1560; x_wconf 81' lang='grc' dir='ltr'>κολλύραν</span> <span class='ocrx_word' id='word_1_85' title='bbox 887 1485 1068 1564; x_wconf 83' lang='lat' dir='ltr'><strong>„moture“.</strong></span> 
     </span>
    </p>

    <p class='ocr_par' dir='ltr' id='par_1_5' title="bbox 252 1587 1526 1776">
     <span class='ocr_line' id='line_1_11' title="bbox 294 1587 1526 1674; baseline -0.004 -19"><span class='ocrx_word' id='word_1_86' title='bbox 294 1591 353 1655; x_wconf 87' lang='lat' dir='ltr'><strong>Ec.</strong></span> <span class='ocrx_word' id='word_1_87' title='bbox 379 1593 444 1654; x_wconf 87' lang='grc'><strong>395</strong></span> <span class='ocrx_word' id='word_1_88' title='bbox 467 1593 627 1654; x_wconf 82' lang='grc' dir='ltr'>τοσοῦτον</span> <span class='ocrx_word' id='word_1_89' title='bbox 649 1587 741 1670; x_wconf 83' lang='grc' dir='ltr'>χρῆμ’</span> <span class='ocrx_word' id='word_1_90' title='bbox 766 1587 864 1668; x_wconf 83' lang='grc' dir='ltr'>ὄχλου</span> <span class='ocrx_word' id='word_1_91' title='bbox 889 1589 993 1667; x_wconf 87' lang='grc' dir='ltr'>οὕτως</span> <span class='ocrx_word' id='word_1_92' title='bbox 1016 1590 1052 1654; x_wconf 88' lang='grc' dir='ltr'><strong>ἐν</strong></span> <span class='ocrx_word' id='word_1_93' title='bbox 1075 1590 1144 1674; x_wconf 90' lang='grc' dir='ltr'><strong>ὥρᾳ</strong></span> <span class='ocrx_word' id='word_1_94' title='bbox 1160 1591 1320 1672; x_wconf 83' lang='grc' dir='ltr'>ξυνελέγη,</span> <span class='ocrx_word' id='word_1_95' title='bbox 1337 1588 1392 1653; x_wconf 91' lang='lat' dir='ltr'><strong>ubi</strong></span> <span class='ocrx_word' id='word_1_96' title='bbox 1410 1587 1526 1653; x_wconf 85' lang='lat' dir='ltr'><strong>schol:</strong></span> 
     </span>
     <span class='ocr_line' id='line_1_12' title="bbox 252 1694 556 1776; baseline -0.007 -14"><span class='ocrx_word' id='word_1_97' title='bbox 252 1699 322 1763; x_wconf 87' lang='grc' dir='ltr'>ἀντὶ</span> <span class='ocrx_word' id='word_1_98' title='bbox 343 1699 400 1761; x_wconf 86' lang='grc' dir='ltr'><strong>τοῦ</strong></span> <span class='ocrx_word' id='word_1_99' title='bbox 424 1694 556 1776; x_wconf 84' lang='grc' dir='ltr'>ὄρθρου.</span> 
     </span>
    </p>

    <p class='ocr_par' dir='ltr' id='par_1_6' title="bbox 251 1801 1532 1975">
     <span class='ocr_line' id='line_1_13' title="bbox 295 1801 1532 1887; baseline -0.001 -20"><span class='ocrx_word' id='word_1_100' title='bbox 295 1802 329 1886; x_wconf 83' lang='grc'><strong>1))</strong></span> <span class='ocrx_word' id='word_1_101' title='bbox 352 1801 387 1867; x_wconf 90' lang='lat' dir='ltr'><strong>P.</strong></span> <span class='ocrx_word' id='word_1_102' title='bbox 414 1805 478 1866; x_wconf 82' lang='lat'><strong>943</strong></span> <span class='ocrx_word' id='word_1_103' title='bbox 504 1804 722 1880; x_wconf 73' lang='grc' dir='ltr'>ἐπείγετε-ἐν</span> <span class='ocrx_word' id='word_1_104' title='bbox 746 1801 986 1887; x_wconf 68' lang='grc' dir='ltr'>ὅσῳ-»κατέχει</span> <span class='ocrx_word' id='word_1_105' title='bbox 1010 1803 1291 1882; x_wconf 84' lang='grc' dir='ltr'>πολέμου-αὔρα.</span> <span class='ocrx_word' id='word_1_106' title='bbox 1330 1801 1455 1867; x_wconf 83' lang='lat' dir='ltr'><strong>Eadem</strong></span> <span class='ocrx_word' id='word_1_107' title='bbox 1479 1801 1532 1866; x_wconf 84' lang='lat' dir='ltr'><strong>lo·</strong></span> 
     </span>
     <span class='ocr_line' id='line_1_14' title="bbox 251 1909 772 1975; baseline -0.006 0"><span class='ocrx_word' id='word_1_108' title='bbox 251 1910 340 1975; x_wconf 89' lang='lat' dir='ltr'><strong>cutio</strong></span> <span class='ocrx_word' id='word_1_109' title='bbox 365 1910 566 1975; x_wconf 85' lang='lat' dir='ltr'><strong>occurrit-in</strong></span> <span class='ocrx_word' id='word_1_110' title='bbox 589 1909 649 1975; x_wconf 81' lang='lat' dir='ltr'><strong>llc.</strong></span> <span class='ocrx_word' id='word_1_111' title='bbox 677 1912 772 1974; x_wconf 84' lang='lat'>1152.</span> 
     </span>
    </p>

    <p class='ocr_par' dir='ltr' id='par_1_7' title="bbox 295 2017 1140 2103">
     <span class='ocr_line' id='line_1_15' title="bbox 295 2017 1140 2103; baseline 0 -21"><span class='ocrx_word' id='word_1_112' title='bbox 295 2017 333 2082; x_wconf 90' lang='lat' dir='ltr'><strong>R.</strong></span> <span class='ocrx_word' id='word_1_113' title='bbox 361 2020 421 2081; x_wconf 87' lang='grc'><strong>931</strong></span> <span class='ocrx_word' id='word_1_114' title='bbox 449 2018 483 2081; x_wconf 86' lang='grc' dir='ltr'><strong>ἐν</strong></span> <span class='ocrx_word' id='word_1_115' title='bbox 507 2023 616 2102; x_wconf 81' lang='grc' dir='ltr'>μακρῷ</span> <span class='ocrx_word' id='word_1_116' title='bbox 639 2018 747 2103; x_wconf 84' lang='grc' dir='ltr'>χρόνῳ</span> <span class='ocrx_word' id='word_1_117' title='bbox 770 2019 885 2095; x_wconf 88' lang='grc' dir='ltr'>νὐκτός</span> <span class='ocrx_word' id='word_1_118' title='bbox 909 2018 1140 2095; x_wconf 82' lang='grc' dir='ltr'>διηγρύπνησα.</span> 
     </span>
    </p>

    <p class='ocr_par' dir='ltr' id='par_1_8' title="bbox 295 2124 1215 2210">
     <span class='ocr_line' id='line_1_16' title="bbox 295 2124 1215 2210; baseline 0.001 -22"><span class='ocrx_word' id='word_1_119' title='bbox 295 2125 355 2190; x_wconf 80' lang='lat' dir='ltr'><strong>Ec.</strong></span> <span class='ocrx_word' id='word_1_120' title='bbox 384 2128 467 2188; x_wconf 83' lang='lat'>1152</span> <span class='ocrx_word' id='word_1_121' title='bbox 493 2125 527 2188; x_wconf 87' lang='grc' dir='ltr'><strong>ἐν</strong></span> <span class='ocrx_word' id='word_1_122' title='bbox 553 2124 916 2210; x_wconf 83' lang='grc' dir='ltr'>ὅσῳ-καταβαίνεις,-</span> <span class='ocrx_word' id='word_1_123' title='bbox 926 2125 1086 2208; x_wconf 85' lang='grc' dir='ltr'>ἐπᾴσομαι</span> <span class='ocrx_word' id='word_1_124' title='bbox 1110 2127 1215 2203; x_wconf 86' lang='grc' dir='ltr'>μέλος.</span> 
     </span>
    </p>

    <p class='ocr_par' dir='ltr' id='par_1_9' title="bbox 252 2227 1530 2419">
     <span class='ocr_line' id='line_1_17' title="bbox 295 2227 1530 2314; baseline -0.004 -18"><span class='ocrx_word' id='word_1_125' title='bbox 295 2231 349 2296; x_wconf 88' lang='lat' dir='ltr'><strong>Fr.</strong></span> <span class='ocrx_word' id='word_1_126' title='bbox 376 2235 450 2306; x_wconf 86' lang='grc'><strong>218,</strong></span> <span class='ocrx_word' id='word_1_127' title='bbox 476 2235 494 2294; x_wconf 90' lang='grc'><strong>3</strong></span> <span class='ocrx_word' id='word_1_128' title='bbox 520 2233 582 2310; x_wconf 83' lang='grc' dir='ltr'><strong>μὴν</strong></span> <span class='ocrx_word' id='word_1_129' title='bbox 604 2231 623 2294; x_wconf 89' lang='grc' dir='ltr'>ὁ</span> <span class='ocrx_word' id='word_1_130' title='bbox 647 2233 891 2311; x_wconf 88' lang='grc' dir='ltr'>μαιμακτηρίων,</span> <span class='ocrx_word' id='word_1_131' title='bbox 917 2232 952 2295; x_wconf 88' lang='grc' dir='ltr'><strong>ἐν</strong></span> <span class='ocrx_word' id='word_1_132' title='bbox 976 2233 1003 2314; x_wconf 84' lang='grc' dir='ltr'>ᾧ</span> <span class='ocrx_word' id='word_1_133' title='bbox 1027 2233 1181 2310; x_wconf 85' lang='grc' dir='ltr'>ποιοῦμεν</span> <span class='ocrx_word' id='word_1_134' title='bbox 1203 2232 1260 2309; x_wconf 85' lang='grc' dir='ltr'><strong>τὰς</strong></span> <span class='ocrx_word' id='word_1_135' title='bbox 1284 2227 1374 2306; x_wconf 80' lang='grc' dir='ltr'>δίκας</span> <span class='ocrx_word' id='word_1_136' title='bbox 1397 2229 1448 2292; x_wconf 89' lang='grc' dir='ltr'><strong>καὶ</strong></span> <span class='ocrx_word' id='word_1_137' title='bbox 1469 2228 1530 2304; x_wconf 86' lang='grc' dir='ltr'><strong>τὰς</strong></span> 
     </span>
     <span class='ocr_line' id='line_1_18' title="bbox 252 2338 391 2419; baseline 0 -3"><span class='ocrx_word' id='word_1_138' title='bbox 252 2338 391 2419; x_wconf 79' lang='grc' dir='ltr'>γραφάς.</span> 
     </span>
    </p>

    <p class='ocr_par' dir='ltr' id='par_1_10' title="bbox 253 2442 1532 2841">
     <span class='ocr_line' id='line_1_19' title="bbox 299 2442 1531 2526; baseline -0.005 -16"><span class='ocrx_word' id='word_1_139' title='bbox 299 2446 331 2526; x_wconf 86' lang='lat' dir='ltr'><strong>c)</strong></span> <span class='ocrx_word' id='word_1_140' title='bbox 355 2443 404 2510; x_wconf 90' lang='lat' dir='ltr'><strong>Pl.</strong></span> <span class='ocrx_word' id='word_1_141' title='bbox 431 2447 495 2509; x_wconf 83' lang='lat'><strong>244</strong></span> <span class='ocrx_word' id='word_1_142' title='bbox 517 2444 625 2522; x_wconf 78' lang='grc' dir='ltr'>θύραζ’</span> <span class='ocrx_word' id='word_1_143' title='bbox 646 2447 800 2510; x_wconf 84' lang='grc' dir='ltr'>ἐξέπεσον</span> <span class='ocrx_word' id='word_1_144' title='bbox 823 2447 858 2510; x_wconf 88' lang='grc' dir='ltr'><strong>ἐν</strong></span> <span class='ocrx_word' id='word_1_145' title='bbox 882 2444 993 2523; x_wconf 83' lang='grc' dir='ltr'>ἀκαρεῖ</span> <span class='ocrx_word' id='word_1_146' title='bbox 1022 2445 1152 2525; x_wconf 91' lang='grc' dir='ltr'>χρόνον,</span> <span class='ocrx_word' id='word_1_147' title='bbox 1187 2445 1243 2508; x_wconf 94' lang='lat' dir='ltr'><strong>ubi</strong></span> <span class='ocrx_word' id='word_1_148' title='bbox 1277 2443 1373 2526; x_wconf 84' lang='lat' dir='ltr'><strong>vulgo</strong></span> <span class='ocrx_word' id='word_1_149' title='bbox 1408 2442 1531 2524; x_wconf 88' lang='lat' dir='ltr'><strong>legitur</strong></span> 
     </span>
     <span class='ocr_line' id='line_1_20' title="bbox 253 2539 1532 2637; baseline -0.003 -21"><span class='ocrx_word' id='word_1_150' title='bbox 253 2552 372 2637; x_wconf 84' lang='grc' dir='ltr'>χρόνῳ,</span> <span class='ocrx_word' id='word_1_151' title='bbox 396 2551 436 2616; x_wconf 91' lang='lat' dir='ltr'><strong>de</strong></span> <span class='ocrx_word' id='word_1_152' title='bbox 460 2568 525 2633; x_wconf 90' lang='lat' dir='ltr'><strong>quo</strong></span> <span class='ocrx_word' id='word_1_153' title='bbox 549 2571 578 2614; x_wconf 92' lang='lat' dir='ltr'><strong>v.</strong></span> <span class='ocrx_word' id='word_1_154' title='bbox 603 2552 803 2616; x_wconf 84' lang='lat' dir='ltr'><strong>Bechmsnni</strong></span> <span class='ocrx_word' id='word_1_155' title='bbox 828 2552 992 2634; x_wconf 80' lang='lat' dir='ltr'><strong>egregiam</strong></span> <span class='ocrx_word' id='word_1_156' title='bbox 1012 2551 1270 2632; x_wconf 84' lang='lat' dir='ltr'><strong>disputationem</strong></span> <span class='ocrx_word' id='word_1_157' title='bbox 1285 2550 1329 2632; x_wconf 90' lang='lat' dir='ltr'><strong>(p.</strong></span> <span class='ocrx_word' id='word_1_158' title='bbox 1350 2549 1416 2633; x_wconf 85' lang='lat'>69):</span> <span class='ocrx_word' id='word_1_159' title='bbox 1437 2539 1532 2631; x_wconf 86' lang='lat' dir='ltr'><strong>„bre-</strong></span> 
     </span>
     <span class='ocr_line' id='line_1_21' title="bbox 253 2654 1529 2740; baseline -0.004 -17"><span class='ocrx_word' id='word_1_160' title='bbox 253 2659 389 2725; x_wconf 89' lang='lat' dir='ltr'><strong>vissimo</strong></span> <span class='ocrx_word' id='word_1_161' title='bbox 413 2664 579 2723; x_wconf 88' lang='lat' dir='ltr'><strong>momento</strong></span> <span class='ocrx_word' id='word_1_162' title='bbox 602 2660 797 2740; x_wconf 64' lang='lat' dir='ltr'><strong>temporisl,</strong></span> <span class='ocrx_word' id='word_1_163' title='bbox 835 2659 857 2723; x_wconf 92' lang='lat' dir='ltr'><strong>i.</strong></span> <span class='ocrx_word' id='word_1_164' title='bbox 883 2676 911 2721; x_wconf 90' lang='lat' dir='ltr'><strong>e.</strong></span> <span class='ocrx_word' id='word_1_165' title='bbox 936 2658 1102 2738; x_wconf 85' lang='lat' dir='ltr'><strong>„nondum</strong></span> <span class='ocrx_word' id='word_1_166' title='bbox 1130 2663 1331 2723; x_wconf 86' lang='lat' dir='ltr'><strong>momentum</strong></span> <span class='ocrx_word' id='word_1_167' title='bbox 1366 2654 1529 2738; x_wconf 88' lang='lat' dir='ltr'><strong>temporis</strong></span> 
     </span>
     <span class='ocr_line' id='line_1_22' title="bbox 255 2766 546 2841; baseline -0.003 -12"><span class='ocrx_word' id='word_1_168' title='bbox 255 2766 389 2841; x_wconf 85' lang='lat' dir='ltr'><strong>exierat,</strong></span> <span class='ocrx_word' id='word_1_169' title='bbox 416 2768 546 2831; x_wconf 88' lang='lat' dir='ltr'><strong>cum“...</strong></span> 
     </span>
    </p>

    <p class='ocr_par' dir='ltr' id='par_1_11' title="bbox 251 2871 1529 3061">
     <span class='ocr_line' id='line_1_23' title="bbox 298 2871 1529 2956; baseline -0.002 -20"><span class='ocrx_word' id='word_1_170' title='bbox 298 2872 332 2956; x_wconf 86' lang='lat'><strong>6)</strong></span> <span class='ocrx_word' id='word_1_171' title='bbox 358 2871 486 2950; x_wconf 83' lang='lat' dir='ltr'><strong>Quibus</strong></span> <span class='ocrx_word' id='word_1_172' title='bbox 511 2871 669 2955; x_wconf 84' lang='lat' dir='ltr'><strong>expositis</strong></span> <span class='ocrx_word' id='word_1_173' title='bbox 693 2872 756 2937; x_wconf 79' lang='lat' dir='ltr'><strong>iam</strong></span> <span class='ocrx_word' id='word_1_174' title='bbox 782 2871 956 2937; x_wconf 91' lang='lat' dir='ltr'><strong>dicendum</strong></span> <span class='ocrx_word' id='word_1_175' title='bbox 981 2879 1033 2939; x_wconf 93' lang='lat' dir='ltr'><strong>est</strong></span> <span class='ocrx_word' id='word_1_176' title='bbox 1048 2873 1088 2938; x_wconf 90' lang='lat' dir='ltr'><strong>de</strong></span> <span class='ocrx_word' id='word_1_177' title='bbox 1105 2872 1220 2956; x_wconf 85' lang='lat' dir='ltr'><strong>paucis</strong></span> <span class='ocrx_word' id='word_1_178' title='bbox 1237 2871 1337 2949; x_wconf 85' lang='lat' dir='ltr'><strong>locis,</strong></span> <span class='ocrx_word' id='word_1_179' title='bbox 1352 2871 1409 2936; x_wconf 90' lang='lat' dir='ltr'><strong>ubi</strong></span> <span class='ocrx_word' id='word_1_180' title='bbox 1433 2887 1529 2951; x_wconf 87' lang='lat' dir='ltr'><strong>prae·</strong></span> 
     </span>
     <span class='ocr_line' id='line_1_24' title="bbox 251 2973 1529 3061; baseline -0.005 -17"><span class='ocrx_word' id='word_1_181' title='bbox 251 2977 374 3060; x_wconf 88' lang='lat' dir='ltr'><strong>positio</strong></span> <span class='ocrx_word' id='word_1_182' title='bbox 398 2973 466 3042; x_wconf 75' lang='lat' dir='ltr'><strong>rems</strong></span> <span class='ocrx_word' id='word_1_183' title='bbox 490 2977 666 3061; x_wconf 83' lang='lat' dir='ltr'><strong>significat,</strong></span> <span class='ocrx_word' id='word_1_184' title='bbox 689 2978 727 3042; x_wconf 79' lang='lat' dir='ltr'><strong>io</strong></span> <span class='ocrx_word' id='word_1_185' title='bbox 751 2997 816 3058; x_wconf 84' lang='grc' dir='ltr'><strong>ᾳαα</strong></span> <span class='ocrx_word' id='word_1_186' title='bbox 840 2978 959 3060; x_wconf 81' lang='lat' dir='ltr'><strong>eliqua</strong></span> <span class='ocrx_word' id='word_1_187' title='bbox 984 2979 1070 3044; x_wconf 82' lang='lat' dir='ltr'><strong>actio</strong></span> <span class='ocrx_word' id='word_1_188' title='bbox 1105 2978 1156 3044; x_wconf 86' lang='lat' dir='ltr'><strong>vel</strong></span> <span class='ocrx_word' id='word_1_189' title='bbox 1190 2978 1338 3058; x_wconf 71' lang='lat' dir='ltr'><strong>coalitos</strong></span> <span class='ocrx_word' id='word_1_190' title='bbox 1371 2976 1529 3042; x_wconf 75' lang='lat' dir='ltr'><strong>cernitur.</strong></span> 
     </span>
    </p>

    <p class='ocr_par' dir='ltr' id='par_1_12' title="bbox 295 3082 1165 3164">
     <span class='ocr_line' id='line_1_25' title="bbox 295 3082 1165 3164; baseline 0.001 -17"><span class='ocrx_word' id='word_1_191' title='bbox 295 3082 335 3148; x_wconf 86' lang='lat' dir='ltr'><strong>E.</strong></span> <span class='ocrx_word' id='word_1_192' title='bbox 362 3085 424 3146; x_wconf 82' lang='lat'><strong>557</strong></span> <span class='ocrx_word' id='word_1_193' title='bbox 450 3084 935 3164; x_wconf 87' lang='grc' dir='ltr'>μειρακίων-λαμπρυνομένων</span> <span class='ocrx_word' id='word_1_194' title='bbox 958 3086 994 3150; x_wconf 86' lang='grc' dir='ltr'><strong>ἐν</strong></span> <span class='ocrx_word' id='word_1_195' title='bbox 1017 3086 1165 3163; x_wconf 89' lang='grc' dir='ltr'>ἅρμασιν.</span> 
     </span>
    </p>

    <p class='ocr_par' dir='ltr' id='par_1_13' title="bbox 253 3189 1529 3376">
     <span class='ocr_line' id='line_1_26' title="bbox 297 3189 1529 3277; baseline 0.002 -26"><span class='ocrx_word' id='word_1_196' title='bbox 297 3189 338 3252; x_wconf 89' lang='lat' dir='ltr'><strong>V.</strong></span> <span class='ocrx_word' id='word_1_197' title='bbox 365 3192 450 3252; x_wconf 89' lang='grc'><strong>1504</strong></span> <span class='ocrx_word' id='word_1_198' title='bbox 475 3191 577 3276; x_wconf 82' lang='grc' dir='ltr'>ἐντῷ</span> <span class='ocrx_word' id='word_1_199' title='bbox 602 3191 875 3277; x_wconf 79' lang='grc' dir='ltr'>ῥυθμῷ-οὐδέν</span> <span class='ocrx_word' id='word_1_200' title='bbox 913 3191 990 3269; x_wconf 89' lang='grc' dir='ltr'>ἐστι,</span> <span class='ocrx_word' id='word_1_201' title='bbox 1025 3189 1082 3255; x_wconf 89' lang='lat' dir='ltr'><strong>ubl</strong></span> <span class='ocrx_word' id='word_1_202' title='bbox 1116 3190 1228 3259; x_wconf 84' lang='lat' dir='ltr'><strong>schol:</strong></span> <span class='ocrx_word' id='word_1_203' title='bbox 1261 3190 1328 3256; x_wconf 85' lang='grc' dir='ltr'>ἀντὶ</span> <span class='ocrx_word' id='word_1_204' title='bbox 1351 3193 1407 3253; x_wconf 85' lang='grc' dir='ltr'><strong>τοῦ</strong></span> <span class='ocrx_word' id='word_1_205' title='bbox 1432 3189 1529 3254; x_wconf 73' lang='grc' dir='ltr'>οὐδὲν</span> 
     </span>
     <span class='ocr_line' id='line_1_27' title="bbox 253 3296 561 3376; baseline 0 -15"><span class='ocrx_word' id='word_1_206' title='bbox 253 3297 322 3361; x_wconf 77' lang='grc' dir='ltr'>οἶδε</span> <span class='ocrx_word' id='word_1_207' title='bbox 344 3298 400 3360; x_wconf 86' lang='grc' dir='ltr'><strong>τοῦ</strong></span> <span class='ocrx_word' id='word_1_208' title='bbox 428 3296 561 3376; x_wconf 84' lang='grc' dir='ltr'>ῥυθμοῦ.</span> 
     </span>
    </p>

    <p class='ocr_par' dir='ltr' id='par_1_14' title="bbox 253 3403 1530 3701">
     <span class='ocr_line' id='line_1_28' title="bbox 295 3403 1530 3488; baseline -0.001 -20"><span class='ocrx_word' id='word_1_209' title='bbox 295 3403 334 3468; x_wconf 90' lang='lat' dir='ltr'><strong>R.</strong></span> <span class='ocrx_word' id='word_1_210' title='bbox 362 3407 446 3468; x_wconf 91' lang='grc'><strong>1122</strong></span> <span class='ocrx_word' id='word_1_211' title='bbox 471 3405 710 3486; x_wconf 86' lang='grc' dir='ltr'>ἀσαφὴς-ἦν</span> <span class='ocrx_word' id='word_1_212' title='bbox 745 3408 781 3474; x_wconf 82' lang='grc' dir='ltr'><strong>ἐν</strong></span> <span class='ocrx_word' id='word_1_213' title='bbox 813 3411 849 3488; x_wconf 85' lang='grc' dir='ltr'><strong>τῇ</strong></span> <span class='ocrx_word' id='word_1_214' title='bbox 886 3405 1006 3484; x_wconf 86' lang='grc' dir='ltr'>φράσει</span> <span class='ocrx_word' id='word_1_215' title='bbox 1037 3408 1102 3469; x_wconf 86' lang='grc' dir='ltr'><strong>τῶν</strong></span> <span class='ocrx_word' id='word_1_216' title='bbox 1125 3405 1321 3483; x_wconf 87' lang='grc' dir='ltr'>πραγμάτων</span> <span class='ocrx_word' id='word_1_217' title='bbox 1348 3403 1530 3485; x_wconf 84' lang='lat' dir='ltr'><strong>„obscurus</strong></span> 
     </span>
     <span class='ocr_line' id='line_1_29' title="bbox 253 3507 1529 3597; baseline -0.002 -21"><span class='ocrx_word' id='word_1_218' title='bbox 253 3516 324 3576; x_wconf 86' lang='lat' dir='ltr'><strong>erat</strong></span> <span class='ocrx_word' id='word_1_219' title='bbox 343 3511 376 3577; x_wconf 90' lang='lat' dir='ltr'><strong>in</strong></span> <span class='ocrx_word' id='word_1_220' title='bbox 399 3511 497 3578; x_wconf 87' lang='lat' dir='ltr'><strong>rebus</strong></span> <span class='ocrx_word' id='word_1_221' title='bbox 523 3512 766 3597; x_wconf 82' lang='lat' dir='ltr'><strong>enuntiandis“,</strong></span> <span class='ocrx_word' id='word_1_222' title='bbox 789 3529 885 3593; x_wconf 91' lang='lat' dir='ltr'><strong>quem</strong></span> <span class='ocrx_word' id='word_1_223' title='bbox 910 3529 1040 3576; x_wconf 85' lang='lat' dir='ltr'><strong>versum</strong></span> <span class='ocrx_word' id='word_1_224' title='bbox 1068 3528 1128 3592; x_wconf 91' lang='lat' dir='ltr'><strong>pro</strong></span> <span class='ocrx_word' id='word_1_225' title='bbox 1153 3509 1331 3576; x_wconf 81' lang='lat' dir='ltr'><strong>subditicio</strong></span> <span class='ocrx_word' id='word_1_226' title='bbox 1363 3507 1529 3575; x_wconf 83' lang='lat' dir='ltr'><strong>velsenus</strong></span> 
     </span>
     <span class='ocr_line' id='line_1_30' title="bbox 253 3615 998 3701; baseline -0.003 -21"><span class='ocrx_word' id='word_1_227' title='bbox 253 3616 309 3680; x_wconf 88' lang='lat' dir='ltr'><strong>alii</strong></span> <span class='ocrx_word' id='word_1_228' title='bbox 334 3623 424 3682; x_wconf 86' lang='lat' dir='ltr'><strong>recto</strong></span> <span class='ocrx_word' id='word_1_229' title='bbox 447 3616 568 3681; x_wconf 87' lang='lat' dir='ltr'><strong>habent</strong></span> <span class='ocrx_word' id='word_1_230' title='bbox 592 3617 635 3701; x_wconf 88' lang='grc' dir='ltr'><strong>(ν.</strong></span> <span class='ocrx_word' id='word_1_231' title='bbox 661 3616 759 3682; x_wconf 90' lang='lat' dir='ltr'><strong>Mein.</strong></span> <span class='ocrx_word' id='word_1_232' title='bbox 784 3615 822 3681; x_wconf 87' lang='lat' dir='ltr'><strong>V.</strong></span> <span class='ocrx_word' id='word_1_233' title='bbox 852 3636 882 3699; x_wconf 89' lang='lat' dir='ltr'><strong>p.</strong></span> <span class='ocrx_word' id='word_1_234' title='bbox 910 3615 998 3698; x_wconf 84' lang='lat'><strong>175).</strong></span> 
     </span>
    </p>

    <p class='ocr_par' dir='ltr' id='par_1_15' title="bbox 251 3722 1531 4231">
     <span class='ocr_line' id='line_1_31' title="bbox 297 3722 1530 3808; baseline 0.002 -24"><span class='ocrx_word' id='word_1_235' title='bbox 297 3722 353 3786; x_wconf 84' lang='lat' dir='ltr'><strong>Fr.</strong></span> <span class='ocrx_word' id='word_1_236' title='bbox 378 3725 442 3786; x_wconf 87' lang='grc'><strong>469</strong></span> <span class='ocrx_word' id='word_1_237' title='bbox 468 3724 504 3787; x_wconf 87' lang='grc' dir='ltr'><strong>ἐν</strong></span> <span class='ocrx_word' id='word_1_238' title='bbox 526 3723 608 3808; x_wconf 85' lang='grc' dir='ltr'>πίθῳ</span> <span class='ocrx_word' id='word_1_239' title='bbox 630 3725 688 3800; x_wconf 88' lang='grc' dir='ltr'><strong>τὴν</strong></span> <span class='ocrx_word' id='word_1_240' title='bbox 712 3725 890 3806; x_wconf 87' lang='grc' dir='ltr'>κεραμείαν,</span> <span class='ocrx_word' id='word_1_241' title='bbox 915 3723 1002 3805; x_wconf 91' lang='lat' dir='ltr'><strong>quod</strong></span> <span class='ocrx_word' id='word_1_242' title='bbox 1025 3723 1235 3805; x_wconf 87' lang='lat' dir='ltr'><strong>proverbium</strong></span> <span class='ocrx_word' id='word_1_243' title='bbox 1259 3723 1387 3806; x_wconf 88' lang='lat' dir='ltr'><strong>plenius</strong></span> <span class='ocrx_word' id='word_1_244' title='bbox 1408 3724 1530 3806; x_wconf 89' lang='lat' dir='ltr'><strong>legitur</strong></span> 
     </span>
     <span class='ocr_line' id='line_1_32' title="bbox 252 3827 1531 3917; baseline -0.002 -21"><span class='ocrx_word' id='word_1_245' title='bbox 252 3829 392 3896; x_wconf 76' lang='lat' dir='ltr'><strong>inplet.</strong></span> <span class='ocrx_word' id='word_1_246' title='bbox 421 3827 519 3912; x_wconf 84' lang='lat' dir='ltr'><strong>Gorg.</strong></span> <span class='ocrx_word' id='word_1_247' title='bbox 553 3833 617 3895; x_wconf 89' lang='grc'><strong>514</strong></span> <span class='ocrx_word' id='word_1_248' title='bbox 652 3829 741 3896; x_wconf 83' lang='grc' dir='ltr'><strong>Εέν</strong></span> <span class='ocrx_word' id='word_1_249' title='bbox 763 3837 808 3914; x_wconf 86' lang='grc' dir='ltr'><strong>τῷ</strong></span> <span class='ocrx_word' id='word_1_250' title='bbox 832 3831 912 3917; x_wconf 79' lang='grc' dir='ltr'>πίθῳ</span> <span class='ocrx_word' id='word_1_251' title='bbox 936 3833 995 3909; x_wconf 82' lang='grc' dir='ltr'><strong>τὴν</strong></span> <span class='ocrx_word' id='word_1_252' title='bbox 1025 3831 1193 3909; x_wconf 87' lang='grc' dir='ltr'>κεραμείαν</span> <span class='ocrx_word' id='word_1_253' title='bbox 1229 3830 1421 3912; x_wconf 86' lang='grc' dir='ltr'>(ἐπιχειρεῖν)</span> <span class='ocrx_word' id='word_1_254' title='bbox 1456 3850 1531 3910; x_wconf 90' lang='grc' dir='ltr'>μαν-</span> 
     </span>
     <span class='ocr_line' id='line_1_33' title="bbox 253 3936 1530 4021; baseline 0.001 -20"><span class='ocrx_word' id='word_1_255' title='bbox 253 3937 369 4014; x_wconf 89' lang='grc' dir='ltr'>θάνειν;</span> <span class='ocrx_word' id='word_1_256' title='bbox 394 3936 514 4000; x_wconf 84' lang='lat' dir='ltr'><strong>dicitur</strong></span> <span class='ocrx_word' id='word_1_257' title='bbox 538 3941 648 4001; x_wconf 88' lang='lat' dir='ltr'><strong>autem</strong></span> <span class='ocrx_word' id='word_1_258' title='bbox 673 3937 707 4001; x_wconf 91' lang='lat' dir='ltr'><strong>in</strong></span> <span class='ocrx_word' id='word_1_259' title='bbox 732 3937 784 4015; x_wconf 90' lang='lat' dir='ltr'><strong>iis,</strong></span> <span class='ocrx_word' id='word_1_260' title='bbox 811 3937 888 4020; x_wconf 82' lang='lat' dir='ltr'><strong>„qui</strong></span> <span class='ocrx_word' id='word_1_261' title='bbox 913 3937 1072 4021; x_wconf 84' lang='lat' dir='ltr'><strong>neglectis</strong></span> <span class='ocrx_word' id='word_1_262' title='bbox 1097 3938 1217 4002; x_wconf 88' lang='lat' dir='ltr'><strong>artium</strong></span> <span class='ocrx_word' id='word_1_263' title='bbox 1246 3937 1438 4019; x_wconf 88' lang='lat' dir='ltr'><strong>primordiis</strong></span> <span class='ocrx_word' id='word_1_264' title='bbox 1463 3942 1530 4004; x_wconf 85' lang='lat' dir='ltr'><strong>sta·</strong></span> 
     </span>
     <span class='ocr_line' id='line_1_34' title="bbox 251 4040 1529 4128; baseline -0.001 -20"><span class='ocrx_word' id='word_1_265' title='bbox 251 4041 311 4108; x_wconf 88' lang='lat' dir='ltr'><strong>tim</strong></span> <span class='ocrx_word' id='word_1_266' title='bbox 338 4040 528 4109; x_wconf 80' lang='lat' dir='ltr'><strong>difficiliora</strong></span> <span class='ocrx_word' id='word_1_267' title='bbox 552 4043 808 4126; x_wconf 86' lang='lat' dir='ltr'><strong>aggrediuntur“</strong></span> <span class='ocrx_word' id='word_1_268' title='bbox 832 4043 961 4127; x_wconf 86' lang='lat' dir='ltr'><strong>(Stallb.</strong></span> <span class='ocrx_word' id='word_1_269' title='bbox 987 4043 1081 4112; x_wconf 84' lang='lat' dir='ltr'><strong>adh.</strong></span> <span class='ocrx_word' id='word_1_270' title='bbox 1106 4045 1154 4128; x_wconf 90' lang='grc'><strong>1.).</strong></span> <span class='ocrx_word' id='word_1_271' title='bbox 1179 4044 1217 4112; x_wconf 91' lang='lat' dir='ltr'><strong>V.</strong></span> <span class='ocrx_word' id='word_1_272' title='bbox 1242 4043 1344 4111; x_wconf 89' lang='lat' dir='ltr'><strong>schol.</strong></span> <span class='ocrx_word' id='word_1_273' title='bbox 1378 4045 1420 4110; x_wconf 85' lang='lat' dir='ltr'><strong>ad</strong></span> <span class='ocrx_word' id='word_1_274' title='bbox 1443 4044 1529 4110; x_wconf 84' lang='lat' dir='ltr'><strong>Plst.</strong></span> 
     </span>
     <span class='ocr_line' id='line_1_35' title="bbox 253 4148 827 4231; baseline 0.002 -17"><span class='ocrx_word' id='word_1_275' title='bbox 253 4148 353 4214; x_wconf 87' lang='lat' dir='ltr'><strong>Lech.</strong></span> <span class='ocrx_word' id='word_1_276' title='bbox 381 4153 440 4213; x_wconf 84' lang='grc'><strong>187</strong></span> <span class='ocrx_word' id='word_1_277' title='bbox 467 4149 493 4211; x_wconf 92' lang='grc' dir='ltr'><strong>Β</strong></span> <span class='ocrx_word' id='word_1_278' title='bbox 519 4167 570 4231; x_wconf 90' lang='lat' dir='ltr'><strong>ap.</strong></span> <span class='ocrx_word' id='word_1_279' title='bbox 595 4149 768 4215; x_wconf 88' lang='lat' dir='ltr'><strong>Kockium.</strong></span> <span class='ocrx_word' id='word_1_280' title='bbox 824 4173 827 4188; x_wconf 89' lang='lat'>·</span> 
     </span>
    </p>

    <p class='ocr_par' dir='ltr' id='par_1_16' title="bbox 251 4252 1532 4664">
     <span class='ocr_line' id='line_1_36' title="bbox 297 4252 1527 4341; baseline 0.007 -24"><span class='ocrx_word' id='word_1_281' title='bbox 297 4254 331 4338; x_wconf 82' lang='grc'><strong>1)</strong></span> <span class='ocrx_word' id='word_1_282' title='bbox 356 4252 545 4337; x_wconf 87' lang='lat' dir='ltr'><strong>Sequuntur</strong></span> <span class='ocrx_word' id='word_1_283' title='bbox 567 4256 644 4330; x_wconf 90' lang='lat' dir='ltr'><strong>loci,</strong></span> <span class='ocrx_word' id='word_1_284' title='bbox 669 4257 725 4321; x_wconf 91' lang='lat' dir='ltr'><strong>ubi</strong></span> <span class='ocrx_word' id='word_1_285' title='bbox 750 4257 890 4336; x_wconf 84' lang='lat' dir='ltr'><strong>dativus,</strong></span> <span class='ocrx_word' id='word_1_286' title='bbox 926 4275 999 4322; x_wconf 90' lang='lat' dir='ltr'><strong>cum</strong></span> <span class='ocrx_word' id='word_1_287' title='bbox 1039 4259 1284 4341; x_wconf 87' lang='lat' dir='ltr'><strong>praepositione</strong></span> <span class='ocrx_word' id='word_1_288' title='bbox 1321 4259 1527 4340; x_wconf 83' lang='lat' dir='ltr'><strong>coniunctus,</strong></span> 
     </span>
     <span class='ocr_line' id='line_1_37' title="bbox 251 4362 1527 4446; baseline 0.003 -18"><span class='ocrx_word' id='word_1_289' title='bbox 251 4380 356 4446; x_wconf 86' lang='lat' dir='ltr'><strong>paene</strong></span> <span class='ocrx_word' id='word_1_290' title='bbox 381 4363 485 4430; x_wconf 90' lang='lat' dir='ltr'><strong>solius</strong></span> <span class='ocrx_word' id='word_1_291' title='bbox 506 4362 607 4428; x_wconf 82' lang='lat' dir='ltr'><strong>dativi</strong></span> <span class='ocrx_word' id='word_1_292' title='bbox 630 4363 894 4430; x_wconf 86' lang='lat' dir='ltr'><strong>instrumentalis</strong></span> <span class='ocrx_word' id='word_1_293' title='bbox 915 4371 1031 4446; x_wconf 75' lang='lat' dir='ltr'><strong>&#39;partes</strong></span> <span class='ocrx_word' id='word_1_294' title='bbox 1056 4366 1208 4432; x_wconf 90' lang='lat' dir='ltr'><strong>sustinet.</strong></span> <span class='ocrx_word' id='word_1_295' title='bbox 1247 4365 1295 4430; x_wconf 91' lang='lat' dir='ltr'><strong>De</strong></span> <span class='ocrx_word' id='word_1_296' title='bbox 1320 4369 1383 4432; x_wconf 90' lang='lat' dir='ltr'><strong>hcc</strong></span> <span class='ocrx_word' id='word_1_297' title='bbox 1406 4366 1527 4432; x_wconf 88' lang='lat' dir='ltr'><strong>iustru-</strong></span> 
     </span>
     <span class='ocr_line' id='line_1_38' title="bbox 253 4469 1532 4556; baseline 0.002 -21"><span class='ocrx_word' id='word_1_298' title='bbox 253 4469 389 4535; x_wconf 88' lang='lat' dir='ltr'><strong>mentali</strong></span> <span class='ocrx_word' id='word_1_299' title='bbox 412 4488 474 4534; x_wconf 92' lang='lat' dir='ltr'><strong>usu</strong></span> <span class='ocrx_word' id='word_1_300' title='bbox 511 4471 597 4551; x_wconf 86' lang='lat' dir='ltr'><strong>apud</strong></span> <span class='ocrx_word' id='word_1_301' title='bbox 635 4470 812 4538; x_wconf 82' lang='lat' dir='ltr'><strong>Pindarum</strong></span> <span class='ocrx_word' id='word_1_302' title='bbox 843 4471 974 4554; x_wconf 82' lang='lat' dir='ltr'><strong>egregie</strong></span> <span class='ocrx_word' id='word_1_303' title='bbox 999 4472 1179 4556; x_wconf 82' lang='lat' dir='ltr'><strong>disputavit</strong></span> <span class='ocrx_word' id='word_1_304' title='bbox 1213 4472 1400 4553; x_wconf 76' lang='lat' dir='ltr'><strong>BossleruS,</strong></span> <span class='ocrx_word' id='word_1_305' title='bbox 1437 4473 1532 4539; x_wconf 88' lang='lat' dir='ltr'><strong>cuius</strong></span> 
     </span>
     <span class='ocr_line' id='line_1_39' title="bbox 254 4576 1529 4664; baseline 0 -21"><span class='ocrx_word' id='word_1_306' title='bbox 254 4576 475 4643; x_wconf 77' lang='lat' dir='ltr'><strong>verba—nem</strong></span> <span class='ocrx_word' id='word_1_307' title='bbox 501 4576 534 4642; x_wconf 94' lang='lat' dir='ltr'><strong>in</strong></span> <span class='ocrx_word' id='word_1_308' title='bbox 558 4581 611 4645; x_wconf 81' lang='lat' dir='ltr'><strong>Ar.</strong></span> <span class='ocrx_word' id='word_1_309' title='bbox 638 4597 767 4661; x_wconf 89' lang='lat' dir='ltr'><strong>quoque</strong></span> <span class='ocrx_word' id='word_1_310' title='bbox 792 4578 1060 4644; x_wconf 81' lang='lat' dir='ltr'><strong>cadunt—liceat</strong></span> <span class='ocrx_word' id='word_1_311' title='bbox 1084 4579 1164 4644; x_wconf 93' lang='lat' dir='ltr'><strong>mihi</strong></span> <span class='ocrx_word' id='word_1_312' title='bbox 1190 4578 1317 4646; x_wconf 86' lang='lat' dir='ltr'><strong>afferre.</strong></span> <span class='ocrx_word' id='word_1_313' title='bbox 1337 4582 1450 4664; x_wconf 83' lang='lat' dir='ltr'><strong>„Quae</strong></span> <span class='ocrx_word' id='word_1_314' title='bbox 1467 4598 1529 4646; x_wconf 86' lang='lat' dir='ltr'><strong>vox</strong></span> 
     </span>
    </p>
   </div>
   <div class='ocr_carea' id='block_1_3' title="bbox 0 0 1673 5370">
    <p class='ocr_par' dir='ltr' id='par_1_17' title="bbox 0 0 1673 5370">
     <span class='ocr_line' id='line_1_40' title="bbox 0 0 1673 5370; baseline 0 0"><span class='ocrx_word' id='word_1_315' title='bbox 0 0 1673 5370; x_wconf 95' lang='lat' dir='ltr'><strong> </strong></span> 
     </span>
    </p>
   </div>
  </div>
 </body>
</html>
