<?xml version="1.0" encoding="UTF-8"?>
<!DOCTYPE html PUBLIC "-//W3C//DTD XHTML 1.0 Transitional//EN"
    "http://www.w3.org/TR/xhtml1/DTD/xhtml1-transitional.dtd">
<html xmlns="http://www.w3.org/1999/xhtml" xml:lang="en" lang="en">
 <head>
  <title>
</title>
<meta http-equiv="Content-Type" content="text/html;charset=utf-8" />
  <meta name='ocr-system' content='tesseract 3.04.00' />
  <meta name='ocr-capabilities' content='ocr_page ocr_carea ocr_par ocr_line ocrx_word'/>
</head>
<body>
  <div class='ocr_page' id='page_1' title='image "./depraepositionu00sobogoog_0096.png"; bbox 0 0 3298 5368; ppageno 0'>
   <div class='ocr_carea' id='block_1_1' title="bbox 632 496 807 557">
    <p class='ocr_par' dir='ltr' id='par_1_1' title="bbox 632 496 807 557">
     <span class='ocr_line' id='line_1_1' title="bbox 632 496 807 557; baseline 0 -17"><span class='ocrx_word' id='word_1_1' title='bbox 632 496 807 557; x_wconf 67' lang='lat'>..55-</span> 
     </span>
    </p>
   </div>
   <div class='ocr_carea' id='block_1_2' title="bbox 67 661 1342 4057">
    <p class='ocr_par' dir='ltr' id='par_1_2' title="bbox 108 661 1297 746">
     <span class='ocr_line' id='line_1_2' title="bbox 108 661 1297 746; baseline 0.006 -22"><span class='ocrx_word' id='word_1_2' title='bbox 108 663 139 746; x_wconf 84' lang='lat' dir='ltr'>c)</span> <span class='ocrx_word' id='word_1_3' title='bbox 165 661 206 728; x_wconf 90' lang='lat' dir='ltr'>In</span> <span class='ocrx_word' id='word_1_4' title='bbox 233 663 428 728; x_wconf 88' lang='lat' dir='ltr'>universum</span> <span class='ocrx_word' id='word_1_5' title='bbox 452 680 526 727; x_wconf 91' lang='lat' dir='ltr'>eum</span> <span class='ocrx_word' id='word_1_6' title='bbox 552 661 725 744; x_wconf 84' lang='lat' dir='ltr'>significat,</span> <span class='ocrx_word' id='word_1_7' title='bbox 749 681 770 726; x_wconf 92' lang='lat' dir='ltr'>a</span> <span class='ocrx_word' id='word_1_8' title='bbox 793 681 857 744; x_wconf 91' lang='lat' dir='ltr'>quo</span> <span class='ocrx_word' id='word_1_9' title='bbox 881 664 1007 745; x_wconf 87' lang='lat' dir='ltr'>aliquid</span> <span class='ocrx_word' id='word_1_10' title='bbox 1029 663 1210 745; x_wconf 86' lang='lat' dir='ltr'>proiectum</span> <span class='ocrx_word' id='word_1_11' title='bbox 1236 670 1297 731; x_wconf 84' lang='lat' dir='ltr'>est.</span> 
     </span>
    </p>

    <p class='ocr_par' dir='ltr' id='par_1_3' title="bbox 67 767 1342 957">
     <span class='ocr_line' id='line_1_3' title="bbox 107 767 1342 851; baseline 0.005 -21"><span class='ocrx_word' id='word_1_12' title='bbox 107 769 143 832; x_wconf 83' lang='grc' dir='ltr'>λ’.</span> <span class='ocrx_word' id='word_1_13' title='bbox 165 773 186 832; x_wconf 93' lang='grc'><strong>9</strong></span> <span class='ocrx_word' id='word_1_14' title='bbox 217 771 324 848; x_wconf 88' lang='grc' dir='ltr'>ὕπνος</span> <span class='ocrx_word' id='word_1_15' title='bbox 348 767 378 848; x_wconf 85' lang='grc' dir='ltr'>μ’</span> <span class='ocrx_word' id='word_1_16' title='bbox 404 771 466 849; x_wconf 79' lang='grc' dir='ltr'>ἔχει</span> <span class='ocrx_word' id='word_1_17' title='bbox 488 791 534 848; x_wconf 90' lang='grc' dir='ltr'>τις</span> <span class='ocrx_word' id='word_1_18' title='bbox 557 770 594 836; x_wconf 85' lang='grc' dir='ltr'>ἐκ</span> <span class='ocrx_word' id='word_1_19' title='bbox 616 771 774 849; x_wconf 86' lang='grc' dir='ltr'>Σαβαζίου</span> <span class='ocrx_word' id='word_1_20' title='bbox 798 791 839 851; x_wconf 83' lang='lat' dir='ltr'>„a</span> <span class='ocrx_word' id='word_1_21' title='bbox 863 769 895 838; x_wconf 87' lang='lat' dir='ltr'>S.</span> <span class='ocrx_word' id='word_1_22' title='bbox 919 771 1073 848; x_wconf 87' lang='lat' dir='ltr'>missus“,</span> <span class='ocrx_word' id='word_1_23' title='bbox 1090 771 1146 836; x_wconf 93' lang='lat' dir='ltr'>ubi</span> <span class='ocrx_word' id='word_1_24' title='bbox 1169 771 1283 838; x_wconf 87' lang='lat' dir='ltr'>nescio</span> <span class='ocrx_word' id='word_1_25' title='bbox 1299 791 1342 836; x_wconf 85' lang='lat' dir='ltr'>an</span> 
     </span>
     <span class='ocr_line' id='line_1_4' title="bbox 67 876 509 957; baseline 0 -18"><span class='ocrx_word' id='word_1_26' title='bbox 67 876 185 957; x_wconf 85' lang='lat' dir='ltr'>aliquid</span> <span class='ocrx_word' id='word_1_27' title='bbox 212 876 372 957; x_wconf 85' lang='lat' dir='ltr'>parodiae</span> <span class='ocrx_word' id='word_1_28' title='bbox 397 876 509 940; x_wconf 85' lang='lat' dir='ltr'>lateat.</span> 
     </span>
    </p>

    <p class='ocr_par' dir='ltr' id='par_1_4' title="bbox 71 985 1341 1382">
     <span class='ocr_line' id='line_1_5' title="bbox 108 985 1340 1065; baseline 0.002 -17"><span class='ocrx_word' id='word_1_29' title='bbox 108 985 139 1048; x_wconf 91' lang='lat' dir='ltr'>L.</span> <span class='ocrx_word' id='word_1_30' title='bbox 169 987 261 1050; x_wconf 90' lang='grc'><strong>1126</strong></span> <span class='ocrx_word' id='word_1_31' title='bbox 285 985 442 1062; x_wconf 82' lang='grc' dir='ltr'>τοὺς-ἐκ</span> <span class='ocrx_word' id='word_1_32' title='bbox 464 985 586 1062; x_wconf 87' lang='grc' dir='ltr'>πατρός</span> <span class='ocrx_word' id='word_1_33' title='bbox 609 1005 642 1048; x_wconf 90' lang='grc' dir='ltr'>τε</span> <span class='ocrx_word' id='word_1_34' title='bbox 665 987 716 1050; x_wconf 84' lang='grc' dir='ltr'>καὶ</span> <span class='ocrx_word' id='word_1_35' title='bbox 738 987 930 1063; x_wconf 85' lang='grc' dir='ltr'>γεραιτέρων</span> <span class='ocrx_word' id='word_1_36' title='bbox 946 986 1063 1065; x_wconf 86' lang='grc' dir='ltr'>λόγους</span> <span class='ocrx_word' id='word_1_37' title='bbox 1082 988 1222 1064; x_wconf 87' lang='grc' dir='ltr'>πολλοὺς</span> <span class='ocrx_word' id='word_1_38' title='bbox 1245 986 1340 1051; x_wconf 83' lang='grc' dir='ltr'>ἀκού-</span> 
     </span>
     <span class='ocr_line' id='line_1_6' title="bbox 71 1089 1341 1172; baseline 0.002 -17"><span class='ocrx_word' id='word_1_39' title='bbox 71 1107 158 1166; x_wconf 86' lang='grc' dir='ltr'>ουσα,</span> <span class='ocrx_word' id='word_1_40' title='bbox 186 1089 250 1172; x_wconf 90' lang='lat' dir='ltr'>qui</span> <span class='ocrx_word' id='word_1_41' title='bbox 273 1107 387 1154; x_wconf 88' lang='lat' dir='ltr'>versus</span> <span class='ocrx_word' id='word_1_42' title='bbox 415 1095 472 1154; x_wconf 89' lang='lat' dir='ltr'>aut</span> <span class='ocrx_word' id='word_1_43' title='bbox 494 1089 688 1170; x_wconf 87' lang='lat' dir='ltr'>desumptus</span> <span class='ocrx_word' id='word_1_44' title='bbox 711 1095 762 1155; x_wconf 88' lang='lat' dir='ltr'>est</span> <span class='ocrx_word' id='word_1_45' title='bbox 777 1108 817 1152; x_wconf 85' lang='lat' dir='ltr'>ex</span> <span class='ocrx_word' id='word_1_46' title='bbox 833 1089 1000 1172; x_wconf 81' lang='lat' dir='ltr'>Euripide,</span> <span class='ocrx_word' id='word_1_47' title='bbox 1014 1098 1071 1157; x_wconf 89' lang='lat' dir='ltr'>aut</span> <span class='ocrx_word' id='word_1_48' title='bbox 1086 1091 1125 1156; x_wconf 89' lang='lat' dir='ltr'>ad</span> <span class='ocrx_word' id='word_1_49' title='bbox 1145 1092 1216 1157; x_wconf 90' lang='lat' dir='ltr'>eius</span> <span class='ocrx_word' id='word_1_50' title='bbox 1233 1109 1341 1158; x_wconf 82' lang='lat' dir='ltr'>exem·</span> 
     </span>
     <span class='ocr_line' id='line_1_7' title="bbox 74 1195 1340 1280; baseline 0.001 -19"><span class='ocrx_word' id='word_1_51' title='bbox 74 1199 148 1278; x_wconf 89' lang='lat' dir='ltr'>pium</span> <span class='ocrx_word' id='word_1_52' title='bbox 174 1196 386 1278; x_wconf 87' lang='lat' dir='ltr'>compositus</span> <span class='ocrx_word' id='word_1_53' title='bbox 410 1195 628 1280; x_wconf 81' lang='lat' dir='ltr'>(Bakhuyzen.</span> <span class='ocrx_word' id='word_1_54' title='bbox 652 1217 682 1279; x_wconf 93' lang='lat' dir='ltr'>p.</span> <span class='ocrx_word' id='word_1_55' title='bbox 710 1199 798 1279; x_wconf 85' lang='grc'><strong>106).</strong></span> <span class='ocrx_word' id='word_1_56' title='bbox 822 1196 870 1263; x_wconf 81' lang='lat' dir='ltr'>Gi.</span> <span class='ocrx_word' id='word_1_57' title='bbox 895 1200 1014 1264; x_wconf 87' lang='lat' dir='ltr'>Aesoh.</span> <span class='ocrx_word' id='word_1_58' title='bbox 1036 1199 1130 1267; x_wconf 86' lang='lat' dir='ltr'>Eum.</span> <span class='ocrx_word' id='word_1_59' title='bbox 1152 1202 1213 1264; x_wconf 82' lang='lat'>331</span> <span class='ocrx_word' id='word_1_60' title='bbox 1240 1198 1340 1278; x_wconf 88' lang='grc' dir='ltr'>ἀμνος</span> 
     </span>
     <span class='ocr_line' id='line_1_8' title="bbox 77 1305 289 1382; baseline 0.009 -14"><span class='ocrx_word' id='word_1_61' title='bbox 77 1307 103 1368; x_wconf 78' lang='grc' dir='ltr'>ἑξ</span> <span class='ocrx_word' id='word_1_62' title='bbox 121 1305 289 1382; x_wconf 86' lang='grc' dir='ltr'>Ἐρινύων.</span> 
     </span>
    </p>

    <p class='ocr_par' dir='ltr' id='par_1_5' title="bbox 110 1411 875 1495">
     <span class='ocr_line' id='line_1_9' title="bbox 110 1411 875 1495; baseline 0.003 -20"><span class='ocrx_word' id='word_1_63' title='bbox 110 1411 163 1475; x_wconf 79' lang='lat' dir='ltr'>rh.</span> <span class='ocrx_word' id='word_1_64' title='bbox 194 1415 263 1476; x_wconf 77' lang='lat'>787</span> <span class='ocrx_word' id='word_1_65' title='bbox 287 1412 411 1495; x_wconf 89' lang='lat' dir='ltr'>(anap.)</span> <span class='ocrx_word' id='word_1_66' title='bbox 436 1413 492 1478; x_wconf 82' lang='grc' dir='ltr'>κάξ</span> <span class='ocrx_word' id='word_1_67' title='bbox 515 1413 606 1491; x_wconf 87' lang='grc' dir='ltr'>ἡμῶν</span> <span class='ocrx_word' id='word_1_68' title='bbox 630 1414 718 1478; x_wconf 89' lang='grc' dir='ltr'>ἐστιν</span> <span class='ocrx_word' id='word_1_69' title='bbox 742 1412 875 1477; x_wconf 85' lang='grc' dir='ltr'>ἅπαντα.</span> 
     </span>
    </p>

    <p class='ocr_par' dir='ltr' id='par_1_6' title="bbox 110 1517 1172 1601">
     <span class='ocr_line' id='line_1_10' title="bbox 110 1517 1172 1601; baseline 0.004 -21"><span class='ocrx_word' id='word_1_70' title='bbox 110 1519 139 1597; x_wconf 83' lang='lat' dir='ltr'>b)</span> <span class='ocrx_word' id='word_1_71' title='bbox 161 1517 307 1584; x_wconf 88' lang='lat' dir='ltr'>Passivo</span> <span class='ocrx_word' id='word_1_72' title='bbox 332 1519 476 1584; x_wconf 87' lang='lat' dir='ltr'>additum</span> <span class='ocrx_word' id='word_1_73' title='bbox 501 1523 562 1593; x_wconf 88' lang='lat' dir='ltr'>est,</span> <span class='ocrx_word' id='word_1_74' title='bbox 587 1523 625 1582; x_wconf 88' lang='lat' dir='ltr'>ut</span> <span class='ocrx_word' id='word_1_75' title='bbox 647 1519 735 1583; x_wconf 91' lang='lat' dir='ltr'>idem</span> <span class='ocrx_word' id='word_1_76' title='bbox 759 1517 826 1584; x_wconf 87' lang='lat' dir='ltr'>iere</span> <span class='ocrx_word' id='word_1_77' title='bbox 851 1525 949 1601; x_wconf 90' lang='lat' dir='ltr'>atque</span> <span class='ocrx_word' id='word_1_78' title='bbox 973 1519 1036 1584; x_wconf 88' lang='grc' dir='ltr'>ὑπό</span> <span class='ocrx_word' id='word_1_79' title='bbox 1061 1519 1114 1600; x_wconf 85' lang='lat' dir='ltr'>sit,</span> <span class='ocrx_word' id='word_1_80' title='bbox 1139 1520 1172 1584; x_wconf 87' lang='lat' dir='ltr'>iu</span> 
     </span>
    </p>

    <p class='ocr_par' dir='ltr' id='par_1_7' title="bbox 68 1625 1340 2031">
     <span class='ocr_line' id='line_1_11' title="bbox 107 1625 1340 1710; baseline 0.002 -21"><span class='ocrx_word' id='word_1_81' title='bbox 107 1625 143 1688; x_wconf 83' lang='lat' dir='ltr'>N.</span> <span class='ocrx_word' id='word_1_82' title='bbox 167 1628 238 1690; x_wconf 92' lang='grc'>999</span> <span class='ocrx_word' id='word_1_83' title='bbox 265 1627 390 1710; x_wconf 81' lang='lat' dir='ltr'>(anap.)</span> <span class='ocrx_word' id='word_1_84' title='bbox 414 1629 472 1705; x_wconf 85' lang='grc' dir='ltr'>τὴν</span> <span class='ocrx_word' id='word_1_85' title='bbox 494 1625 627 1702; x_wconf 89' lang='grc' dir='ltr'>ἡλικίαν,</span> <span class='ocrx_word' id='word_1_86' title='bbox 644 1627 677 1693; x_wconf 82' lang='grc' dir='ltr'>ἐξ</span> <span class='ocrx_word' id='word_1_87' title='bbox 700 1627 739 1705; x_wconf 84' lang='grc' dir='ltr'>ἧς</span> <span class='ocrx_word' id='word_1_88' title='bbox 755 1627 1059 1708; x_wconf 84' lang='grc' dir='ltr'>ἐνεοττοτροφήθης,</span> <span class='ocrx_word' id='word_1_89' title='bbox 1077 1627 1134 1694; x_wconf 86' lang='lat' dir='ltr'>nbi</span> <span class='ocrx_word' id='word_1_90' title='bbox 1150 1628 1183 1694; x_wconf 77' lang='grc' dir='ltr'>ἐξ</span> <span class='ocrx_word' id='word_1_91' title='bbox 1199 1627 1340 1694; x_wconf 81' lang='lat' dir='ltr'>sortasse</span> 
     </span>
     <span class='ocr_line' id='line_1_12' title="bbox 69 1730 1336 1816; baseline 0.005 -23"><span class='ocrx_word' id='word_1_92' title='bbox 69 1730 239 1814; x_wconf 77' lang='lat' dir='ltr'>rnagnifico</span> <span class='ocrx_word' id='word_1_93' title='bbox 263 1750 383 1816; x_wconf 78' lang='lat' dir='ltr'>genere</span> <span class='ocrx_word' id='word_1_94' title='bbox 407 1733 535 1798; x_wconf 90' lang='lat' dir='ltr'>dicendi</span> <span class='ocrx_word' id='word_1_95' title='bbox 559 1735 758 1814; x_wconf 87' lang='lat' dir='ltr'>praesertim</span> <span class='ocrx_word' id='word_1_96' title='bbox 782 1733 816 1798; x_wconf 93' lang='lat' dir='ltr'>in</span> <span class='ocrx_word' id='word_1_97' title='bbox 840 1735 1026 1814; x_wconf 81' lang='lat' dir='ltr'>anapaestis</span> <span class='ocrx_word' id='word_1_98' title='bbox 1048 1740 1234 1799; x_wconf 85' lang='lat' dir='ltr'>excusatur.</span> <span class='ocrx_word' id='word_1_99' title='bbox 1258 1733 1336 1800; x_wconf 83' lang='lat' dir='ltr'>Nam</span> 
     </span>
     <span class='ocr_line' id='line_1_13' title="bbox 69 1840 1337 1924; baseline 0.003 -23"><span class='ocrx_word' id='word_1_100' title='bbox 69 1840 171 1914; x_wconf 70' lang='lat' dir='ltr'>„sorio</span> <span class='ocrx_word' id='word_1_101' title='bbox 199 1847 236 1906; x_wconf 88' lang='lat' dir='ltr'>et</span> <span class='ocrx_word' id='word_1_102' title='bbox 258 1841 403 1924; x_wconf 84' lang='lat' dir='ltr'>graviter</span> <span class='ocrx_word' id='word_1_103' title='bbox 438 1859 620 1923; x_wconf 85' lang='lat' dir='ltr'>magnaque</span> <span class='ocrx_word' id='word_1_104' title='bbox 656 1859 728 1906; x_wconf 90' lang='lat' dir='ltr'>cum</span> <span class='ocrx_word' id='word_1_105' title='bbox 758 1840 927 1922; x_wconf 80' lang='lat' dir='ltr'>dignitate,</span> <span class='ocrx_word' id='word_1_106' title='bbox 956 1843 991 1904; x_wconf 89' lang='lat' dir='ltr'>ut</span> <span class='ocrx_word' id='word_1_107' title='bbox 1023 1841 1056 1904; x_wconf 90' lang='lat' dir='ltr'>in</span> <span class='ocrx_word' id='word_1_108' title='bbox 1080 1859 1116 1905; x_wconf 91' lang='lat' dir='ltr'>re</span> <span class='ocrx_word' id='word_1_109' title='bbox 1140 1859 1265 1915; x_wconf 84' lang='lat' dir='ltr'>severa,</span> <span class='ocrx_word' id='word_1_110' title='bbox 1291 1841 1337 1906; x_wconf 87' lang='lat' dir='ltr'>io-</span> 
     </span>
     <span class='ocr_line' id='line_1_14' title="bbox 68 1945 1336 2031; baseline 0.004 -25"><span class='ocrx_word' id='word_1_111' title='bbox 68 1946 173 2024; x_wconf 87' lang='lat' dir='ltr'>quitur</span> <span class='ocrx_word' id='word_1_112' title='bbox 198 1951 321 2029; x_wconf 83' lang='lat' dir='ltr'>poeta“</span> <span class='ocrx_word' id='word_1_113' title='bbox 346 1947 400 2030; x_wconf 87' lang='lat' dir='ltr'>(G.</span> <span class='ocrx_word' id='word_1_114' title='bbox 425 1947 564 2031; x_wconf 74' lang='lat' dir='ltr'>Herm).</span> <span class='ocrx_word' id='word_1_115' title='bbox 583 1945 629 2015; x_wconf 86' lang='lat' dir='ltr'>Oi.</span> <span class='ocrx_word' id='word_1_116' title='bbox 654 1947 772 2012; x_wconf 81' lang='lat' dir='ltr'>Aesch.</span> <span class='ocrx_word' id='word_1_117' title='bbox 792 1949 849 2030; x_wconf 80' lang='lat' dir='ltr'>Ag.</span> <span class='ocrx_word' id='word_1_118' title='bbox 867 1950 930 2012; x_wconf 79' lang='grc'>’135</span> <span class='ocrx_word' id='word_1_119' title='bbox 949 1947 984 2010; x_wconf 86' lang='grc' dir='ltr'>ἐκ</span> <span class='ocrx_word' id='word_1_120' title='bbox 1000 1950 1076 2012; x_wconf 85' lang='grc' dir='ltr'>θεοῦ</span> <span class='ocrx_word' id='word_1_121' title='bbox 1092 1950 1336 2028; x_wconf 84' lang='grc' dir='ltr'>προσεθρέφθη.</span> 
     </span>
    </p>

    <p class='ocr_par' dir='ltr' id='par_1_8' title="bbox 108 2051 1338 2137">
     <span class='ocr_line' id='line_1_15' title="bbox 108 2051 1338 2137; baseline 0.002 -21"><span class='ocrx_word' id='word_1_122' title='bbox 108 2055 138 2132; x_wconf 88' lang='grc' dir='ltr'>ο)</span> <span class='ocrx_word' id='word_1_123' title='bbox 164 2056 262 2137; x_wconf 85' lang='lat' dir='ltr'>Apud</span> <span class='ocrx_word' id='word_1_124' title='bbox 287 2056 384 2119; x_wconf 74' lang='lat' dir='ltr'>verita</span> <span class='ocrx_word' id='word_1_125' title='bbox 409 2055 561 2135; x_wconf 85' lang='lat' dir='ltr'>passivae</span> <span class='ocrx_word' id='word_1_126' title='bbox 584 2055 882 2136; x_wconf 86' lang='lat' dir='ltr'>notionispositum</span> <span class='ocrx_word' id='word_1_127' title='bbox 898 2051 1025 2118; x_wconf 88' lang='lat' dir='ltr'>duobus</span> <span class='ocrx_word' id='word_1_128' title='bbox 1041 2053 1124 2118; x_wconf 89' lang='lat' dir='ltr'>locis</span> <span class='ocrx_word' id='word_1_129' title='bbox 1141 2054 1338 2120; x_wconf 87' lang='lat' dir='ltr'>invenimus.</span> 
     </span>
    </p>

    <p class='ocr_par' dir='ltr' id='par_1_9' title="bbox 68 2159 1338 2778">
     <span class='ocr_line' id='line_1_16' title="bbox 107 2159 1336 2242; baseline 0.001 -16"><span class='ocrx_word' id='word_1_130' title='bbox 107 2159 144 2226; x_wconf 72' lang='lat' dir='ltr'>R</span> <span class='ocrx_word' id='word_1_131' title='bbox 169 2165 237 2226; x_wconf 81' lang='lat'>736</span> <span class='ocrx_word' id='word_1_132' title='bbox 257 2163 290 2229; x_wconf 86' lang='grc' dir='ltr'>ἐξ</span> <span class='ocrx_word' id='word_1_133' title='bbox 314 2163 503 2227; x_wconf 79' lang='grc' dir='ltr'>ἀξίου-τοῦ</span> <span class='ocrx_word' id='word_1_134' title='bbox 528 2162 813 2242; x_wconf 83' lang='grc' dir='ltr'>ξύλου-πάσχειν,</span> <span class='ocrx_word' id='word_1_135' title='bbox 830 2162 886 2226; x_wconf 92' lang='lat' dir='ltr'>ubi</span> <span class='ocrx_word' id='word_1_136' title='bbox 911 2161 1095 2228; x_wconf 68' lang='lat' dir='ltr'>dividetur</span> <span class='ocrx_word' id='word_1_137' title='bbox 1120 2180 1136 2223; x_wconf 89' lang='lat' dir='ltr'>e</span> <span class='ocrx_word' id='word_1_138' title='bbox 1163 2163 1336 2242; x_wconf 88' lang='lat' dir='ltr'>proverbio</span> 
     </span>
     <span class='ocr_line' id='line_1_17' title="bbox 70 2267 1336 2351; baseline 0.007 -26"><span class='ocrx_word' id='word_1_139' title='bbox 70 2285 225 2344; x_wconf 64' lang='lat' dir='ltr'>intonasse,</span> <span class='ocrx_word' id='word_1_140' title='bbox 252 2271 339 2351; x_wconf 93' lang='lat' dir='ltr'>quod</span> <span class='ocrx_word' id='word_1_141' title='bbox 364 2270 542 2334; x_wconf 80' lang='lat' dir='ltr'>scholiasta</span> <span class='ocrx_word' id='word_1_142' title='bbox 575 2268 626 2350; x_wconf 92' lang='lat' dir='ltr'>his</span> <span class='ocrx_word' id='word_1_143' title='bbox 658 2269 766 2334; x_wconf 89' lang='lat' dir='ltr'>verbis</span> <span class='ocrx_word' id='word_1_144' title='bbox 791 2276 987 2350; x_wconf 86' lang='lat' dir='ltr'>conceptum</span> <span class='ocrx_word' id='word_1_145' title='bbox 1022 2267 1125 2332; x_wconf 75' lang='lat' dir='ltr'>affert:</span> <span class='ocrx_word' id='word_1_146' title='bbox 1150 2269 1214 2334; x_wconf 87' lang='grc' dir='ltr'>ἀπὸ</span> <span class='ocrx_word' id='word_1_147' title='bbox 1238 2272 1336 2334; x_wconf 83' lang='grc' dir='ltr'>καλοῦ</span> 
     </span>
     <span class='ocr_line' id='line_1_18' title="bbox 68 2375 1336 2457; baseline 0.005 -23"><span class='ocrx_word' id='word_1_148' title='bbox 68 2375 156 2438; x_wconf 70' lang='lat' dir='ltr'>idion</span> <span class='ocrx_word' id='word_1_149' title='bbox 181 2377 243 2440; x_wconf 88' lang='grc' dir='ltr'>κᾶν</span> <span class='ocrx_word' id='word_1_150' title='bbox 268 2376 480 2454; x_wconf 77' lang='grc' dir='ltr'>ἀπάγξασθαι,</span> <span class='ocrx_word' id='word_1_151' title='bbox 506 2376 564 2441; x_wconf 90' lang='lat' dir='ltr'>sed</span> <span class='ocrx_word' id='word_1_152' title='bbox 582 2375 777 2441; x_wconf 78' lang='lat' dir='ltr'>Eustathius</span> <span class='ocrx_word' id='word_1_153' title='bbox 801 2396 831 2456; x_wconf 92' lang='lat' dir='ltr'>p.</span> <span class='ocrx_word' id='word_1_154' title='bbox 858 2380 935 2457; x_wconf 40' lang='lat'>8361,</span> <span class='ocrx_word' id='word_1_155' title='bbox 960 2380 1012 2439; x_wconf 83' lang='lat'>24:</span> <span class='ocrx_word' id='word_1_156' title='bbox 1037 2377 1068 2441; x_wconf 80' lang='grc' dir='ltr'>ἐξ</span> <span class='ocrx_word' id='word_1_157' title='bbox 1089 2377 1177 2442; x_wconf 83' lang='grc' dir='ltr'>ἀξίου</span> <span class='ocrx_word' id='word_1_158' title='bbox 1200 2384 1226 2443; x_wconf 82' lang='grc' dir='ltr'>ξ.</span> <span class='ocrx_word' id='word_1_159' title='bbox 1241 2379 1336 2442; x_wconf 82' lang='grc' dir='ltr'>καίά.</span> 
     </span>
     <span class='ocr_line' id='line_1_19' title="bbox 72 2482 1338 2566; baseline 0.008 -26"><span class='ocrx_word' id='word_1_160' title='bbox 72 2482 147 2544; x_wconf 87' lang='grc'><strong>1142</strong></span> <span class='ocrx_word' id='word_1_161' title='bbox 186 2483 416 2548; x_wconf 71' lang='grc' dir='ltr'>ἀπώλετο-ὲκ</span> <span class='ocrx_word' id='word_1_162' title='bbox 451 2485 629 2562; x_wconf 83' lang='grc' dir='ltr'>γυναικείας</span> <span class='ocrx_word' id='word_1_163' title='bbox 664 2486 767 2564; x_wconf 83' lang='grc' dir='ltr'>χερός,</span> <span class='ocrx_word' id='word_1_164' title='bbox 792 2503 875 2566; x_wconf 87' lang='lat' dir='ltr'>quae</span> <span class='ocrx_word' id='word_1_165' title='bbox 912 2484 1011 2549; x_wconf 87' lang='lat' dir='ltr'>verba</span> <span class='ocrx_word' id='word_1_166' title='bbox 1047 2485 1101 2548; x_wconf 84' lang='lat' dir='ltr'>Ar.</span> <span class='ocrx_word' id='word_1_167' title='bbox 1126 2485 1208 2548; x_wconf 86' lang='lat' dir='ltr'>facit</span> <span class='ocrx_word' id='word_1_168' title='bbox 1229 2485 1338 2550; x_wconf 88' lang='lat' dir='ltr'>dicen·</span> 
     </span>
     <span class='ocr_line' id='line_1_20' title="bbox 69 2587 1338 2673; baseline 0.006 -28"><span class='ocrx_word' id='word_1_169' title='bbox 69 2591 125 2647; x_wconf 79' lang='lat' dir='ltr'>tcnr</span> <span class='ocrx_word' id='word_1_170' title='bbox 151 2587 357 2669; x_wconf 81' lang='lat' dir='ltr'>Euripidem,</span> <span class='ocrx_word' id='word_1_171' title='bbox 377 2590 482 2668; x_wconf 89' lang='lat' dir='ltr'>cuius,</span> <span class='ocrx_word' id='word_1_172' title='bbox 500 2590 772 2673; x_wconf 89' lang='lat' dir='ltr'>quemadmodum</span> <span class='ocrx_word' id='word_1_173' title='bbox 798 2613 813 2655; x_wconf 89' lang='grc' dir='ltr'>ε</span> <span class='ocrx_word' id='word_1_174' title='bbox 836 2592 869 2656; x_wconf 95' lang='lat' dir='ltr'>in</span> <span class='ocrx_word' id='word_1_175' title='bbox 899 2593 1004 2671; x_wconf 91' lang='grc' dir='ltr'>χερός,</span> <span class='ocrx_word' id='word_1_176' title='bbox 1019 2591 1066 2655; x_wconf 85' lang='lat' dir='ltr'>ita</span> <span class='ocrx_word' id='word_1_177' title='bbox 1090 2591 1124 2654; x_wconf 88' lang='grc' dir='ltr'>ἐκ</span> <span class='ocrx_word' id='word_1_178' title='bbox 1140 2607 1214 2654; x_wconf 89' lang='lat' dir='ltr'>esse</span> <span class='ocrx_word' id='word_1_179' title='bbox 1238 2607 1338 2670; x_wconf 68' lang='lat' dir='ltr'>appa</span> 
     </span>
     <span class='ocr_line' id='line_1_21' title="bbox 73 2693 1144 2778; baseline 0.007 -26"><span class='ocrx_word' id='word_1_180' title='bbox 73 2706 125 2756; x_wconf 79' lang='lat' dir='ltr'>ret.</span> <span class='ocrx_word' id='word_1_181' title='bbox 150 2693 202 2760; x_wconf 84' lang='lat' dir='ltr'>Cf.</span> <span class='ocrx_word' id='word_1_182' title='bbox 227 2696 346 2761; x_wconf 87' lang='lat' dir='ltr'>Aesch.</span> <span class='ocrx_word' id='word_1_183' title='bbox 371 2694 460 2776; x_wconf 86' lang='lat' dir='ltr'>Sept.</span> <span class='ocrx_word' id='word_1_184' title='bbox 485 2699 550 2760; x_wconf 79' lang='lat'>805</span> <span class='ocrx_word' id='word_1_185' title='bbox 572 2703 722 2762; x_wconf 83' lang='grc' dir='ltr'>τεθνᾶσιν</span> <span class='ocrx_word' id='word_1_186' title='bbox 746 2699 780 2762; x_wconf 82' lang='grc' dir='ltr'>ἐκ</span> <span class='ocrx_word' id='word_1_187' title='bbox 803 2704 907 2778; x_wconf 88' lang='grc' dir='ltr'>χερῶν</span> <span class='ocrx_word' id='word_1_188' title='bbox 931 2698 1144 2764; x_wconf 86' lang='grc' dir='ltr'>αὐτοκτόνων.</span> 
     </span>
    </p>

    <p class='ocr_par' dir='ltr' id='par_1_10' title="bbox 71 2801 1336 2986">
     <span class='ocr_line' id='line_1_22' title="bbox 109 2801 1336 2888; baseline 0.004 -24"><span class='ocrx_word' id='word_1_189' title='bbox 109 2801 140 2884; x_wconf 91' lang='lat' dir='ltr'>d)</span> <span class='ocrx_word' id='word_1_190' title='bbox 180 2801 350 2876; x_wconf 79' lang='lat' dir='ltr'>Similiter,</span> <span class='ocrx_word' id='word_1_191' title='bbox 387 2803 495 2868; x_wconf 87' lang='lat' dir='ltr'>addito</span> <span class='ocrx_word' id='word_1_192' title='bbox 536 2805 570 2870; x_wconf 88' lang='grc' dir='ltr'>ἐκ</span> <span class='ocrx_word' id='word_1_193' title='bbox 606 2813 720 2869; x_wconf 86' lang='lat' dir='ltr'>auctor</span> <span class='ocrx_word' id='word_1_194' title='bbox 759 2806 952 2888; x_wconf 83' lang='lat' dir='ltr'>designatur</span> <span class='ocrx_word' id='word_1_195' title='bbox 991 2806 1075 2886; x_wconf 87' lang='lat' dir='ltr'>apud</span> <span class='ocrx_word' id='word_1_196' title='bbox 1112 2804 1245 2868; x_wconf 88' lang='lat' dir='ltr'>verbum</span> <span class='ocrx_word' id='word_1_197' title='bbox 1282 2823 1336 2869; x_wconf 85' lang='lat' dir='ltr'>ex·</span> 
     </span>
     <span class='ocr_line' id='line_1_23' title="bbox 71 2907 294 2986; baseline 0.036 -19"><span class='ocrx_word' id='word_1_198' title='bbox 71 2907 236 2986; x_wconf 84' lang='lat' dir='ltr'>spectandi</span> <span class='ocrx_word' id='word_1_199' title='bbox 261 2911 294 2976; x_wconf 90' lang='lat' dir='ltr'>in</span> 
     </span>
    </p>

    <p class='ocr_par' dir='ltr' id='par_1_11' title="bbox 109 3013 979 3098">
     <span class='ocr_line' id='line_1_24' title="bbox 109 3013 979 3098; baseline 0.008 -20"><span class='ocrx_word' id='word_1_200' title='bbox 109 3013 144 3079; x_wconf 72' lang='lat' dir='ltr'>A.</span> <span class='ocrx_word' id='word_1_201' title='bbox 170 3019 233 3082; x_wconf 88' lang='grc'>107</span> <span class='ocrx_word' id='word_1_202' title='bbox 259 3023 470 3096; x_wconf 84' lang='grc' dir='ltr'>προσδοκῶσι</span> <span class='ocrx_word' id='word_1_203' title='bbox 493 3019 626 3097; x_wconf 86' lang='grc' dir='ltr'>χρυσίον</span> <span class='ocrx_word' id='word_1_204' title='bbox 650 3020 685 3084; x_wconf 86' lang='grc' dir='ltr'>ἐκ</span> <span class='ocrx_word' id='word_1_205' title='bbox 708 3023 772 3083; x_wconf 91' lang='grc' dir='ltr'>τῶν</span> <span class='ocrx_word' id='word_1_206' title='bbox 797 3021 979 3098; x_wconf 67' lang='grc' dir='ltr'>βαρβάρων.</span> 
     </span>
    </p>

    <p class='ocr_par' dir='ltr' id='par_1_12' title="bbox 69 3121 1335 3617">
     <span class='ocr_line' id='line_1_25' title="bbox 114 3121 1335 3207; baseline 0.001 -23"><span class='ocrx_word' id='word_1_207' title='bbox 114 3121 144 3205; x_wconf 88' lang='grc'>3)</span> <span class='ocrx_word' id='word_1_208' title='bbox 169 3124 335 3190; x_wconf 85' lang='lat' dir='ltr'>Interdum</span> <span class='ocrx_word' id='word_1_209' title='bbox 361 3143 461 3189; x_wconf 80' lang='lat' dir='ltr'>causa</span> <span class='ocrx_word' id='word_1_210' title='bbox 489 3125 628 3190; x_wconf 88' lang='lat' dir='ltr'>alicuius</span> <span class='ocrx_word' id='word_1_211' title='bbox 652 3126 702 3189; x_wconf 92' lang='lat' dir='ltr'>rei</span> <span class='ocrx_word' id='word_1_212' title='bbox 726 3125 760 3189; x_wconf 82' lang='grc' dir='ltr'>ἐκ</span> <span class='ocrx_word' id='word_1_213' title='bbox 784 3127 1027 3206; x_wconf 80' lang='lat' dir='ltr'>praepositione</span> <span class='ocrx_word' id='word_1_214' title='bbox 1053 3123 1265 3207; x_wconf 84' lang='lat' dir='ltr'>significatur.</span> <span class='ocrx_word' id='word_1_215' title='bbox 1291 3122 1335 3185; x_wconf 85' lang='lat' dir='ltr'>Et</span> 
     </span>
     <span class='ocr_line' id='line_1_26' title="bbox 70 3222 1332 3312; baseline 0.005 -24"><span class='ocrx_word' id='word_1_216' title='bbox 70 3222 205 3294; x_wconf 84' lang='lat' dir='ltr'>hominis</span> <span class='ocrx_word' id='word_1_217' title='bbox 230 3230 361 3312; x_wconf 80' lang='lat' dir='ltr'>quidelm</span> <span class='ocrx_word' id='word_1_218' title='bbox 397 3248 517 3294; x_wconf 88' lang='lat' dir='ltr'>nomen</span> <span class='ocrx_word' id='word_1_219' title='bbox 541 3230 587 3312; x_wconf 86' lang='lat' dir='ltr'>(a)</span> <span class='ocrx_word' id='word_1_220' title='bbox 610 3247 688 3294; x_wconf 87' lang='lat' dir='ltr'>raro</span> <span class='ocrx_word' id='word_1_221' title='bbox 711 3231 947 3312; x_wconf 85' lang='lat' dir='ltr'>praepositioni</span> <span class='ocrx_word' id='word_1_222' title='bbox 976 3231 1175 3312; x_wconf 85' lang='lat' dir='ltr'>adiungitur,</span> <span class='ocrx_word' id='word_1_223' title='bbox 1200 3230 1332 3310; x_wconf 86' lang='lat' dir='ltr'>saepius</span> 
     </span>
     <span class='ocr_line' id='line_1_27' title="bbox 69 3335 1330 3422; baseline 0.004 -25"><span class='ocrx_word' id='word_1_224' title='bbox 69 3347 181 3402; x_wconf 82' lang='lat' dir='ltr'>nomen</span> <span class='ocrx_word' id='word_1_225' title='bbox 222 3338 272 3402; x_wconf 89' lang='lat' dir='ltr'>rei</span> <span class='ocrx_word' id='word_1_226' title='bbox 298 3337 345 3422; x_wconf 88' lang='grc' dir='ltr'>(δ)</span> <span class='ocrx_word' id='word_1_227' title='bbox 373 3339 425 3402; x_wconf 83' lang='lat' dir='ltr'>vel</span> <span class='ocrx_word' id='word_1_228' title='bbox 453 3355 631 3418; x_wconf 89' lang='lat' dir='ltr'>pronomen</span> <span class='ocrx_word' id='word_1_229' title='bbox 656 3335 785 3420; x_wconf 85' lang='lat' dir='ltr'>generis</span> <span class='ocrx_word' id='word_1_230' title='bbox 808 3339 917 3402; x_wconf 88' lang='lat' dir='ltr'>neutri</span> <span class='ocrx_word' id='word_1_231' title='bbox 948 3337 1005 3420; x_wconf 87' lang='lat' dir='ltr'>(c).</span> <span class='ocrx_word' id='word_1_232' title='bbox 1025 3337 1151 3415; x_wconf 84' lang='lat' dir='ltr'>Quibus</span> <span class='ocrx_word' id='word_1_233' title='bbox 1181 3337 1330 3402; x_wconf 88' lang='lat' dir='ltr'>omnibus</span> 
     </span>
     <span class='ocr_line' id='line_1_28' title="bbox 70 3435 1333 3526; baseline 0.006 -28"><span class='ocrx_word' id='word_1_234' title='bbox 70 3435 145 3508; x_wconf 89' lang='lat' dir='ltr'>locis</span> <span class='ocrx_word' id='word_1_235' title='bbox 169 3446 203 3508; x_wconf 80' lang='grc' dir='ltr'>ἐκ</span> <span class='ocrx_word' id='word_1_236' title='bbox 226 3445 440 3510; x_wconf 82' lang='lat' dir='ltr'>adventiciam</span> <span class='ocrx_word' id='word_1_237' title='bbox 468 3464 601 3510; x_wconf 71' lang='lat' dir='ltr'>causans</span> <span class='ocrx_word' id='word_1_238' title='bbox 626 3445 759 3510; x_wconf 84' lang='lat' dir='ltr'>indicet.</span> <span class='ocrx_word' id='word_1_239' title='bbox 783 3445 851 3509; x_wconf 87' lang='lat' dir='ltr'>Nos</span> <span class='ocrx_word' id='word_1_240' title='bbox 875 3445 1013 3510; x_wconf 89' lang='lat' dir='ltr'>dicimus</span> <span class='ocrx_word' id='word_1_241' title='bbox 1041 3461 1186 3526; x_wconf 74' lang='lat' dir='ltr'>„uas-ca,</span> <span class='ocrx_word' id='word_1_242' title='bbox 1210 3443 1333 3516; x_wconf 73' lang='lat' dir='ltr'>sensu-</span> 
     </span>
     <span class='ocr_line' id='line_1_29' title="bbox 69 3549 276 3617; baseline 0.043 -11"><span class='ocrx_word' id='word_1_243' title='bbox 69 3549 187 3617; x_wconf 83' lang='lat' dir='ltr'>cnnie“.</span> <span class='ocrx_word' id='word_1_244' title='bbox 273 3549 276 3556; x_wconf 89' lang='grc'><strong>’</strong></span> 
     </span>
    </p>

    <p class='ocr_par' dir='ltr' id='par_1_13' title="bbox 72 3653 1332 3956">
     <span class='ocr_line' id='line_1_30' title="bbox 110 3653 1332 3752; baseline 0.002 -34"><span class='ocrx_word' id='word_1_245' title='bbox 110 3653 140 3738; x_wconf 86' lang='lat' dir='ltr'>a)</span> <span class='ocrx_word' id='word_1_246' title='bbox 162 3659 198 3721; x_wconf 87' lang='grc' dir='ltr'>Α.</span> <span class='ocrx_word' id='word_1_247' title='bbox 224 3660 286 3721; x_wconf 85' lang='grc'>529</span> <span class='ocrx_word' id='word_1_248' title='bbox 321 3660 400 3738; x_wconf 88' lang='grc' dir='ltr'>ἀρχὴ</span> <span class='ocrx_word' id='word_1_249' title='bbox 436 3662 493 3722; x_wconf 82' lang='grc' dir='ltr'>τοῦ</span> <span class='ocrx_word' id='word_1_250' title='bbox 529 3660 670 3737; x_wconf 88' lang='grc' dir='ltr'>πολέμου</span> <span class='ocrx_word' id='word_1_251' title='bbox 708 3659 883 3737; x_wconf 86' lang='grc' dir='ltr'>κατερράγη</span> <span class='ocrx_word' id='word_1_252' title='bbox 893 3658 965 3752; x_wconf 52' lang='grc' dir='ltr'>ῂέκ</span> <span class='ocrx_word' id='word_1_253' title='bbox 988 3662 1084 3734; x_wconf 84' lang='grc' dir='ltr'>τριῶν</span> <span class='ocrx_word' id='word_1_254' title='bbox 1108 3659 1332 3734; x_wconf 76' lang='grc' dir='ltr'>λαικαστριῶν,</span> 
     </span>
     <span class='ocr_line' id='line_1_31' title="bbox 72 3757 1331 3847; baseline -0.001 -24"><span class='ocrx_word' id='word_1_255' title='bbox 72 3757 118 3823; x_wconf 85' lang='lat' dir='ltr'>ubi</span> <span class='ocrx_word' id='word_1_256' title='bbox 142 3765 209 3830; x_wconf 90' lang='lat' dir='ltr'>sine</span> <span class='ocrx_word' id='word_1_257' title='bbox 235 3783 334 3829; x_wconf 86' lang='lat' dir='ltr'>eausa</span> <span class='ocrx_word' id='word_1_258' title='bbox 358 3765 564 3829; x_wconf 85' lang='lat' dir='ltr'>Meinekeum</span> <span class='ocrx_word' id='word_1_259' title='bbox 601 3766 681 3845; x_wconf 75' lang='lat' dir='ltr'>cippi</span> <span class='ocrx_word' id='word_1_260' title='bbox 707 3767 881 3847; x_wconf 85' lang='lat' dir='ltr'>scripsisse</span> <span class='ocrx_word' id='word_1_261' title='bbox 905 3764 1002 3827; x_wconf 90' lang='lat' dir='ltr'>docet</span> <span class='ocrx_word' id='word_1_262' title='bbox 1030 3761 1164 3827; x_wconf 85' lang='lat' dir='ltr'>Bachm.</span> <span class='ocrx_word' id='word_1_263' title='bbox 1188 3781 1241 3843; x_wconf 93' lang='lat' dir='ltr'>pp.</span> <span class='ocrx_word' id='word_1_264' title='bbox 1269 3763 1331 3824; x_wconf 82' lang='grc'>148</span> 
     </span>
     <span class='ocr_line' id='line_1_32' title="bbox 73 3861 675 3956; baseline -0.01 -16"><span class='ocrx_word' id='word_1_265' title='bbox 73 3861 131 3942; x_wconf 68' lang='grc' dir='ltr'>(δι,</span> <span class='ocrx_word' id='word_1_266' title='bbox 156 3873 230 3956; x_wconf 73' lang='grc' dir='ltr'>ιιι)</span> <span class='ocrx_word' id='word_1_267' title='bbox 256 3873 329 3937; x_wconf 79' lang='lat' dir='ltr'>con.</span> <span class='ocrx_word' id='word_1_268' title='bbox 354 3871 410 3936; x_wconf 78' lang='lat' dir='ltr'>ur.</span> <span class='ocrx_word' id='word_1_269' title='bbox 436 3871 461 3947; x_wconf 86' lang='grc' dir='ltr'>ι,</span> <span class='ocrx_word' id='word_1_270' title='bbox 488 3875 538 3944; x_wconf 73' lang='grc' dir='ltr'>ιο,</span> <span class='ocrx_word' id='word_1_271' title='bbox 565 3873 595 3948; x_wconf 83' lang='grc' dir='ltr'>ι,</span> <span class='ocrx_word' id='word_1_272' title='bbox 623 3876 675 3934; x_wconf 87' lang='grc' dir='ltr'>ιο.</span> 
     </span>
    </p>

    <p class='ocr_par' dir='ltr' id='par_1_14' title="bbox 110 3974 854 4057">
     <span class='ocr_line' id='line_1_33' title="bbox 110 3974 854 4057; baseline 0 -20"><span class='ocrx_word' id='word_1_273' title='bbox 110 3974 142 4057; x_wconf 82' lang='lat' dir='ltr'>b)</span> <span class='ocrx_word' id='word_1_274' title='bbox 164 3977 201 4042; x_wconf 84' lang='grc' dir='ltr'>Ε.</span> <span class='ocrx_word' id='word_1_275' title='bbox 226 3982 288 4041; x_wconf 77' lang='grc'>102</span> <span class='ocrx_word' id='word_1_276' title='bbox 312 3980 370 4056; x_wconf 87' lang='grc' dir='ltr'>τὴν</span> <span class='ocrx_word' id='word_1_277' title='bbox 393 3979 565 4056; x_wconf 81' lang='grc' dir='ltr'>προεδρίαν</span> <span class='ocrx_word' id='word_1_278' title='bbox 589 3979 647 4054; x_wconf 88' lang='grc' dir='ltr'>τὴν</span> <span class='ocrx_word' id='word_1_279' title='bbox 672 3977 706 4042; x_wconf 85' lang='grc' dir='ltr'>ἐκ</span> <span class='ocrx_word' id='word_1_280' title='bbox 729 3975 854 4040; x_wconf 81' lang='grc' dir='ltr'>Πύλου.</span> 
     </span>
    </p>
   </div>
   <div class='ocr_carea' id='block_1_3' title="bbox 70 4078 1332 4700">
    <p class='ocr_par' dir='ltr' id='par_1_15' title="bbox 70 4078 1332 4700">
     <span class='ocr_line' id='line_1_34' title="bbox 111 4078 1332 4164; baseline 0 -20"><span class='ocrx_word' id='word_1_281' title='bbox 111 4078 143 4148; x_wconf 85' lang='lat' dir='ltr'>L.</span> <span class='ocrx_word' id='word_1_282' title='bbox 166 4087 227 4148; x_wconf 85' lang='grc'>653</span> <span class='ocrx_word' id='word_1_283' title='bbox 250 4087 307 4149; x_wconf 90' lang='grc' dir='ltr'>τὸν</span> <span class='ocrx_word' id='word_1_284' title='bbox 330 4085 447 4162; x_wconf 88' lang='grc' dir='ltr'>ἔρανον</span> <span class='ocrx_word' id='word_1_285' title='bbox 469 4087 526 4148; x_wconf 89' lang='grc' dir='ltr'>τόν</span> <span class='ocrx_word' id='word_1_286' title='bbox 550 4085 725 4162; x_wconf 91' lang='grc' dir='ltr'>γενόμενον</span> <span class='ocrx_word' id='word_1_287' title='bbox 760 4088 920 4164; x_wconf 82' lang='grc' dir='ltr'>παππῷον</span> <span class='ocrx_word' id='word_1_288' title='bbox 944 4083 1066 4146; x_wconf 79' lang='grc' dir='ltr'>ἐκτῶν</span> <span class='ocrx_word' id='word_1_289' title='bbox 1090 4083 1252 4160; x_wconf 79' lang='grc' dir='ltr'>Μηδικῶν,</span> <span class='ocrx_word' id='word_1_290' title='bbox 1278 4080 1332 4147; x_wconf 81' lang='lat' dir='ltr'>uti</span> 
     </span>
     <span class='ocr_line' id='line_1_35' title="bbox 70 4187 1329 4273; baseline -0.002 -19"><span class='ocrx_word' id='word_1_291' title='bbox 70 4187 232 4266; x_wconf 60' lang='lat' dir='ltr'>‘vsvdpevov</span> <span class='ocrx_word' id='word_1_292' title='bbox 254 4209 315 4273; x_wconf 89' lang='lat' dir='ltr'>pro</span> <span class='ocrx_word' id='word_1_293' title='bbox 339 4192 511 4269; x_wconf 87' lang='grc' dir='ltr'>λεγόμενον</span> <span class='ocrx_word' id='word_1_294' title='bbox 536 4189 687 4254; x_wconf 90' lang='lat' dir='ltr'>codicum</span> <span class='ocrx_word' id='word_1_295' title='bbox 712 4207 731 4252; x_wconf 88' lang='lat' dir='ltr'>a</span> <span class='ocrx_word' id='word_1_296' title='bbox 757 4188 870 4252; x_wconf 88' lang='lat' dir='ltr'>Geelio</span> <span class='ocrx_word' id='word_1_297' title='bbox 894 4189 1053 4270; x_wconf 88' lang='lat' dir='ltr'>scripturn</span> <span class='ocrx_word' id='word_1_298' title='bbox 1079 4194 1141 4255; x_wconf 86' lang='lat' dir='ltr'>est.</span> <span class='ocrx_word' id='word_1_299' title='bbox 1153 4188 1329 4270; x_wconf 82' lang='lat' dir='ltr'>Perpcram</span> 
     </span>
     <span class='ocr_line' id='line_1_36' title="bbox 74 4287 1331 4388; baseline 0.001 -29"><span class='ocrx_word' id='word_1_300' title='bbox 74 4287 245 4366; x_wconf 86' lang='lat' dir='ltr'>Brunckius</span> <span class='ocrx_word' id='word_1_301' title='bbox 268 4304 304 4367; x_wconf 85' lang='grc' dir='ltr'>ἐκ</span> <span class='ocrx_word' id='word_1_302' title='bbox 325 4323 352 4364; x_wconf 87' lang='grc' dir='ltr'>τ.</span> <span class='ocrx_word' id='word_1_303' title='bbox 379 4302 422 4364; x_wconf 92' lang='grc' dir='ltr'>Μ.</span> <span class='ocrx_word' id='word_1_304' title='bbox 446 4301 684 4383; x_wconf 85' lang='lat' dir='ltr'>interpretatur</span> <span class='ocrx_word' id='word_1_305' title='bbox 711 4300 884 4382; x_wconf 76' lang='lat' dir='ltr'>„collatam</span> <span class='ocrx_word' id='word_1_306' title='bbox 908 4319 947 4365; x_wconf 87' lang='lat' dir='ltr'>ex</span> <span class='ocrx_word' id='word_1_307' title='bbox 977 4300 1146 4364; x_wconf 85' lang='lat' dir='ltr'>Medorum</span> <span class='ocrx_word' id='word_1_308' title='bbox 1184 4300 1331 4388; x_wconf 64' lang='lat' dir='ltr'>spoliis‘t</span> 
     </span>
     <span class='ocr_line' id='line_1_37' title="bbox 74 4405 1331 4490; baseline -0.002 -18"><span class='ocrx_word' id='word_1_309' title='bbox 74 4408 230 4472; x_wconf 60' lang='grc' dir='ltr'>11ιθοιιίιιι</span> <span class='ocrx_word' id='word_1_310' title='bbox 258 4405 334 4474; x_wconf 86' lang='lat' dir='ltr'>taiis</span> <span class='ocrx_word' id='word_1_311' title='bbox 359 4427 439 4473; x_wconf 85' lang='lat' dir='ltr'>cena</span> <span class='ocrx_word' id='word_1_312' title='bbox 463 4409 580 4486; x_wconf 81' lang='grc' dir='ltr'>ἔρανος</span> <span class='ocrx_word' id='word_1_313' title='bbox 603 4415 695 4472; x_wconf 88' lang='lat' dir='ltr'>recte</span> <span class='ocrx_word' id='word_1_314' title='bbox 721 4407 881 4490; x_wconf 86' lang='lat' dir='ltr'>appellari</span> <span class='ocrx_word' id='word_1_315' title='bbox 899 4413 1040 4488; x_wconf 86' lang='lat' dir='ltr'>poterat,</span> <span class='ocrx_word' id='word_1_316' title='bbox 1053 4407 1176 4489; x_wconf 87' lang='lat' dir='ltr'>quippe</span> <span class='ocrx_word' id='word_1_317' title='bbox 1201 4423 1331 4470; x_wconf 87' lang='lat' dir='ltr'>cumea</span> 
     </span>
     <span class='ocr_line' id='line_1_38' title="bbox 73 4511 1331 4597; baseline 0 -23"><span class='ocrx_word' id='word_1_318' title='bbox 73 4519 145 4574; x_wconf 70' lang='lat' dir='ltr'>tenu</span> <span class='ocrx_word' id='word_1_319' title='bbox 178 4516 229 4597; x_wconf 83' lang='lat' dir='ltr'>sit,</span> <span class='ocrx_word' id='word_1_320' title='bbox 251 4516 291 4579; x_wconf 88' lang='lat' dir='ltr'>nd</span> <span class='ocrx_word' id='word_1_321' title='bbox 326 4534 423 4596; x_wconf 86' lang='lat' dir='ltr'>quam</span> <span class='ocrx_word' id='word_1_322' title='bbox 460 4512 641 4579; x_wconf 77' lang='lat' dir='ltr'>faciendam</span> <span class='ocrx_word' id='word_1_323' title='bbox 677 4514 716 4580; x_wconf 87' lang='lat' dir='ltr'>de</span> <span class='ocrx_word' id='word_1_324' title='bbox 741 4531 801 4579; x_wconf 89' lang='lat' dir='ltr'>suo</span> <span class='ocrx_word' id='word_1_325' title='bbox 825 4516 964 4596; x_wconf 84' lang='lat' dir='ltr'>quisque</span> <span class='ocrx_word' id='word_1_326' title='bbox 988 4511 1111 4594; x_wconf 88' lang='lat' dir='ltr'>aliquid</span> <span class='ocrx_word' id='word_1_327' title='bbox 1134 4511 1257 4580; x_wconf 83' lang='lat' dir='ltr'>afferat.</span> <span class='ocrx_word' id='word_1_328' title='bbox 1282 4511 1331 4576; x_wconf 83' lang='lat' dir='ltr'>Gi.</span> 
     </span>
     <span class='ocr_line' id='line_1_39' title="bbox 75 4611 1332 4700; baseline 0.013 -30"><span class='ocrx_word' id='word_1_329' title='bbox 75 4611 163 4684; x_wconf 87' lang='lat' dir='ltr'>schol.</span> <span class='ocrx_word' id='word_1_330' title='bbox 186 4621 223 4686; x_wconf 88' lang='lat' dir='ltr'>R:</span> <span class='ocrx_word' id='word_1_331' title='bbox 247 4623 373 4698; x_wconf 81' lang='grc' dir='ltr'>ἐγένετο</span> <span class='ocrx_word' id='word_1_332' title='bbox 397 4624 432 4685; x_wconf 82' lang='grc' dir='ltr'>δὲ</span> <span class='ocrx_word' id='word_1_333' title='bbox 455 4623 592 4686; x_wconf 78' lang='grc' dir='ltr'>ἐπὶτῶν</span> <span class='ocrx_word' id='word_1_334' title='bbox 617 4621 770 4699; x_wconf 89' lang='grc' dir='ltr'>Μηδικῶν</span> <span class='ocrx_word' id='word_1_335' title='bbox 799 4622 951 4700; x_wconf 87' lang='grc' dir='ltr'>ψήφισμα</span> <span class='ocrx_word' id='word_1_336' title='bbox 975 4621 1060 4685; x_wconf 85' lang='grc' dir='ltr'>ὥστε</span> <span class='ocrx_word' id='word_1_337' title='bbox 1084 4621 1221 4684; x_wconf 83' lang='grc' dir='ltr'>ἕκαστον</span> <span class='ocrx_word' id='word_1_338' title='bbox 1252 4622 1332 4686; x_wconf 88' lang='grc' dir='ltr'>κατὰ</span> 
     </span>
    </p>
   </div>
   <div class='ocr_carea' id='block_1_4' title="bbox 0 0 1654 5368">
    <p class='ocr_par' dir='ltr' id='par_1_16' title="bbox 0 0 1654 5368">
     <span class='ocr_line' id='line_1_40' title="bbox 0 0 1654 5368; baseline 0 0"><span class='ocrx_word' id='word_1_339' title='bbox 0 0 1654 5368; x_wconf 95' lang='lat' dir='ltr'> </span> 
     </span>
    </p>
   </div>
  </div>
 </body>
</html>
