3326 5372
617 519 812 584 -179-

125 684 167 750 V.
194 687 257 752 647
282 689 323 768 μὴ
347 688 429 767 πρὸς
453 688 533 768 ἐμοῦ
558 691 692 766 λέγοντι.

126 793 268 872 41Τωο
294 797 376 875 πρός
399 817 485 875 τινος
509 797 608 862 verbo
646 797 713 862 ἐστί
749 797 897 862 additum
936 797 1021 862 idem
1057 796 1230 882 significat,
1270 798 1358 882 quod

82 902 179 966 etium
206 903 292 971 nudo
316 905 469 986 genetivo
492 903 699 988 exprimitur,
724 903 937 986 redditurque
973 904 1132 988 „alieuius
1157 906 1359 990 (proprium)

34 1002 36 1050 i
81 1018 139 1088 est,
166 1010 310 1094 aliquem
337 1013 444 1094 decet,
468 1012 569 1080 alieni
594 1012 778 1100 eonvenit“.
809 1016 1058 1094 „onodornenuo
1084 1017 1191 1096 nnuy“
1217 1019 1278 1080 et.

34 1121 35 1124 ’
124 1119 162 1184 Ε.
192 1123 250 1186 191
276 1119 295 1195 ἡ
321 1119 613 1200 δημαγωγία-οῦ
648 1120 730 1199 πρὸς
766 1123 922 1197 μουσικοῦ
954 1118 997 1186 ἔτ’
1022 1121 1109 1186 ἐστὶν
1134 1121 1256 1200 ἀνδρὸς
1279 1121 1358 1186 οὐδὲ

81 1230 224 1306 χρηστοῦ
247 1229 324 1308 τοῦς
356 1229 508 1308 τρόπους.

123 1334 163 1396 V.
192 1339 255 1400 369
292 1337 540 1416 ταῦτα-πρὸς
574 1336 693 1416 ἀνδρός
728 1331 795 1402 ἐστ’
832 1335 969 1417 ἄνοντος
1004 1336 1049 1417 εἰς
1074 1337 1246 1418 σωτηρίαν.
1275 1340 1359 1400 1014

81 1446 346 1508 τοῦτο-σκαιῶν
370 1448 491 1508 θεατῶν
514 1444 583 1508 ἐστι
605 1444 749 1524 πάσχειν,
774 1443 833 1508 κού
857 1444 939 1522 πρὸς
963 1444 1062 1525 ὑμῶν,
1098 1443 1152 1508 ubi
1177 1451 1211 1507 et
1236 1443 1357 1509 nudum

82 1551 267 1626 puerinum
291 1557 324 1618 et
347 1550 626 1634 praepositionem
653 1549 685 1616 in
709 1569 775 1616 una
798 1551 977 1633 eademque
1007 1551 1173 1617 sententie
1197 1551 1356 1616 videmus.

120 1655 181 1720 Ήι.
210 1660 270 1720 111
296 1660 407 1738 σοφοῦ
430 1657 512 1734 πρὸς
534 1656 663 1734 ἀνδρός.

122 1761 159 1827 R.
187 1767 253 1828 534
276 1764 525 1842 ταῦτα-πρὸς
549 1763 668 1841 ἀνδρός
692 1765 760 1828 ἐστι
783 1765 862 1828 νοῦν
887 1763 1027 1844 ἔχοντος.
1067 1768 1131 1830 540
1158 1766 1253 1830 τό-
1267 1742 1358 1843 μετα-

32 1889 34 1932 ι
84 1873 278 1951 στρέφεσθαι
302 1875 404 1936 δεξιοῦ
428 1872 512 1950 πρὸς
534 1870 653 1949 ἀνδρός
678 1871 755 1940 ἐστι.

32 2005 33 2008 “
122 1979 158 2044 ΡΙ
197 1981 261 2046 355
285 1979 545 2044 τὸ-δεδοικέναι
567 1979 651 2055 πρὸς
676 1978 795 2056 ἀνδρὸς
819 1977 916 2042 οὐδὲν
939 1978 1025 2057 ὑγιές
1050 1975 1116 2044 ἐστ’
1132 1977 1355 2060 εἰργασμένου.

123 2087 154 2167 ιτ)
182 2084 246 2150 Sed
270 2085 367 2170 longe
391 2082 681 2167 frequentissimus
705 2103 787 2150 usus
812 2085 841 2149 is
867 2089 927 2166 est,
965 2104 1038 2150 oum
1065 2085 1159 2164 πρός,
1195 2083 1355 2166 genetiuis

82 2198 171 2274 θεῶν,
195 2192 277 2271 Διός
300 2193 432 2258 aliis·id
456 2209 557 2274 genus
581 2189 780 2272 adiunctum,
813 2190 847 2255 in
882 2190 1037 2272 precibus
1069 2191 1121 2256 vei
1157 2189 1356 2256 obsecratio·

82 2298 171 2364 uibus
198 2305 232 2364 et
255 2297 501 2380 quaestionibus
526 2302 716 2378 usurpatur,
755 2295 811 2360 ubi
834 2295 941 2362 Latini
966 2296 1081 2364 dicunt
1107 2314 1187 2379 „per
1213 2296 1355 2382 (deos)'‘‚

82 2425 134 2472 nos
161 2426 266 2489 „pann
293 2407 440 2490 (Bora)“.
473 2403 633 2472 Genetiuo
669 2406 753 2469 θεῶν
788 2403 981 2486 plerumque
1017 2400 1149 2468 additur
1182 2401 1354 2484 articulus

83 2511 146 2576 sine
171 2513 315 2578 articulo
340 2515 358 2574 5
383 2512 467 2577 loeis
491 2511 622 2596 legitur:
646 2510 683 2574 P.
708 2511 737 2574 9.
764 2509 824 2574 Αν.
850 2511 922 2574 663.
949 2505 1008 2574 Eo.
1037 2511 1131 2578 1095.
1169 2507 1217 2577 Pl.
1256 2509 1352 2573 1141.

84 2615 130 2682 Fr.
157 2624 210 2697 51,
239 2622 267 2682 1.
292 2618 467 2684 Locutioni
491 2619 573 2697 πρὸς
596 2621 661 2683 τῶν
685 2620 768 2684 θεῶν
793 2616 826 2682 in
856 2615 1047 2700 quaestione
1084 2611 1217 2679 additur
1254 2615 1355 2681 inter·

84 2721 177 2789 tentio
214 2725 241 2789 ὦ
270 2726 321 2792 his
346 2724 469 2791 locis*:
493 2723 532 2791 V.
556 2729 631 2789 484.
656 2725 692 2790 L.
718 2728 781 2789 867
808 2723 850 2808 (ν.
879 2721 1010 2788 Buchm.
1035 2741 1066 2804 p.
1095 2720 1183 2805 146).
1207 2719 1256 2785 Pl.
1277 2723 1353 2786 458.

87 2833 176 2895 1116.
201 2831 309 2897 Semel
333 2832 366 2898 in
391 2832 648 2916 interrogatione
674 2833 839 2896 invenitur
858 2829 1000 2896 formula
1016 2831 1099 2912 πρὸς
1115 2830 1245 2895 πάντων
1269 2835 1353 2896 θεῶν

83 2934 113 3000 i'.
140 2943 235 3004 1136.
261 2939 370 3004 Ceteri
393 2938 536 3021 genetivi
561 2944 645 3004 sunt:
671 2939 753 3018 πρὸς
787 2941 844 3003 τοῦ
880 2937 961 3016 Διός
996 2935 1034 3004 N.
1070 2940 1145 3002 314.
1181 2935 1240 3000 Au.
1280 2940 1351 3014 130;

82 3047 155 3126 πρὸς
178 3048 262 3128 Διός
285 3048 323 3111 R.
349 3053 422 3128 166;
445 3047 528 3128 πρὸς
543 3053 600 3128 τῆς
616 3047 744 3126 Ἑστίας
760 3045 808 3110 Ρ1.
830 3047 904 3122 395;
923 3043 1019 3127 (πρὸς
1036 3043 1147 3124 αἰδοῦς
1163 3044 1221 3109 Th.
1236 3035 1352 3129 ’1019);

82 3154 155 3232 πρὸς
177 3159 243 3220 τιῦν
266 3155 412 3231 γονάτων
435 3153 473 3220 Α.
497 3157 573 3218 414.
610 3153 647 3216 Ρ.
676 3157 772 3232 1113;
808 3153 890 3230 πρὸς
914 3154 1061 3228 γονάτων
1085 3149 1122 3217 E.
1152 3153 1246 3230 12973
1270 3156 1353 3231 πρὸς

82 3262 129 3335 τῆς
152 3265 212 3340 γῆς
235 3259 276 3327 N.
302 3263 377 3340 366;
401 3262 484 3338 πρὸς
506 3265 564 3339 τῆς
587 3264 690 3338 δεξιᾶς
712 3259 771 3324 Th.
794 3261 870 3338 936;
893 3258 976 3337 πρὸς
999 3262 1065 3321 τῶν
1088 3263 1191 3334 κρειῦν
1217 3257 1253 3320 Ρ.
1272 3261 1348 3334 3116

30 3441 32 3448 Α
82 3361 170 3441 (πρὸς
193 3367 321 3430 τουτουί
346 3368 381 3429 Α.
410 3366 497 3449 111).
1222 3391 1225 3398 ’

119 3469 277 3554 lingentis
301 3472 401 3554 igitur
425 3477 502 3538 sunt
524 3473 608 3538 istae
631 3472 790 3538 formulae
813 3471 863 3536 his
887 3470 980 3536 ionis:

119 3579 155 3642 ,4.
182 3584 242 3644 111
269 3581 402 3659 φράσον
425 3581 494 3658 ἐμοὶ
517 3586 636 3661 σαφῶς
658 3582 742 3660 πρὸς
766 3580 902 3645 τουτουί.
927 3580 978 3644 ita
1002 3578 1194 3643 Meinekeus
1212 3579 1350 3644 edidite

84 3681 208 3752 Reiskei
234 3689 427 3752 coniectura
450 3706 510 3770 pro
532 3691 659 3755 τουτονί
683 3689 833 3754 codicum
858 3692 903 3769 (ν.
927 3686 1023 3752 Vind.
1060 3703 1091 3767 p.
1129 3687 1173 3769 3).
1210 3687 1260 3751 De
1284 3704 1348 3770 quo

83 3789 145 3856 iuno
169 3795 250 3860 bene
275 3795 454 3876 disputavit
477 3795 723 3862 Schoemannus
747 3796 792 3878 (p.
812 3803 830 3859 o
849 3795 924 3876 aqi:
944 3793 1120 3876 „Reiskius
1139 3793 1347 3860 scribendum

31 3965 32 3986 χ
82 3903 180 3966 suasit
201 3904 283 3982 πρὸς
306 3903 441 3980 τουτουί,
468 3903 579 3968 addita
603 3904 663 3968 hac
688 3902 972 3984 interpretatione:
994 3897 1266 3984 „egomenum
1291 3920 1349 3984 per

82 4001 158 4073 hune
180 4011 300 4089 ἱμάντα,
327 4029 421 4092 quem
448 4008 544 4076 simui
571 4011 724 4077 ostendit:
750 4029 809 4090 per
834 4009 916 4074 hano
941 4007 1135 4073 soutioom“.
1161 4007 1350 4074 Probarunt

82 4108 134 4178 nur
158 4117 352 4193 itieinekius,
377 4117 548 4195 Millerns
587 4118 798 4196 Ribbeokius3
836 4115 914 4182 mihi
953 4116 1063 4181 itidem
1089 4125 1126 4180 ut
1148 4115 1291 4200 Burgkio
1315 4123 1349 4180 et

85 4218 239 4292 liudoldo
264 4225 412 4292 codicum
436 4226 537 4292 lectio
562 4226 725 4292 seruando
750 4225 889 4290 videtur.
906 4223 1091 4306 Usurpatur
1108 4243 1187 4289 sune
1204 4224 1237 4290 in
1254 4223 1348 4288 obse·

84 4333 275 4398 rrutionibus
298 4334 381 4412 πρός
407 4351 479 4401 oum
504 4333 665 4414 genetivo,
702 4331 760 4396 ubi
783 4330 861 4396 deos
886 4331 1006 4413 uliquis
1030 4329 1184 4414 appellnt,
1210 4349 1346 4414 quorum

95 4495 297 4512 finum—..-

114 4583 223 4641 *Errsn
243 4585 326 4654 igitur
346 4585 504 4653 Pas-savius,
522 4585 567 4653 qui
587 4585 612 4636 in
634 4583 721 4636 lorino
739 4583 787 4653 (ΙΙἸ
809 4588 832 4652 1,
851 4599 875 4652 p.
899 4585 963 4636 1161
988 4585 1016 4648 a)
1046 4580 1125 4636 docet
1147 4582 1171 4634 dr
1200 4581 1252 4640 nisi
1270 4580 1344 4638 loon·

85 4671 140 4727 tioui
158 4679 226 4743 πρὸς
245 4677 311 4738 Διὸς
330 4674 394 4728 οι1ι11
413 4692 464 4730 non
483 4691 572 4744 posse.

1189 4765 1239 4824 12·
