3298 5368
626 459 803 524 ..89-

92 627 240 694 Ceteris
269 628 351 693 locis
375 627 439 693 ἀπό
463 625 665 708 praepositio
690 631 752 710 est,
776 627 929 709 genetivo
954 627 1073 693 iuncta.
1096 627 1197 694 Cuius
1222 625 1344 708 prima-

51 737 97 800 ria
122 739 235 817 atque
278 735 413 817 propria
446 735 495 798 vis
532 752 569 798 ac
589 721 746 814 ¹potestas
767 751 805 797 ea
830 733 1069 811 videturesse,
1094 741 1131 799 ut
1153 733 1278 815 aliquid
1302 735 1341 797 ab

52 841 289 908 exterioribus
327 843 475 923 partibus
515 841 656 906 alicuius
696 841 762 905 loci
801 841 853 906 vel
890 842 939 906 rei
978 843 1142 907 removeri
1180 839 1342 924 significet

55 951 162 1032 aar,
194 953 332 1033 ,orsu

94 1061 119 1122 1.
142 1061 196 1124 Ac
227 1060 373 1140 primum
410 1059 540 1141 quidem
576 1059 616 1124 de
647 1057 747 1123 locali
770 1059 801 1123 vi
824 1060 1081 1141 praepositionis
1103 1059 1261 1136 dicemus,
1286 1059 1342 1124 ubi
1409 1057 1410 1062 ’

63 1174 220 1248 quatuor
263 1167 472 1248 potissimum
511 1183 633 1248 genera
667 1165 896 1232 discernimus:
920 1185 1032 1242 unum,
1058 1185 1131 1232 cum
1155 1165 1279 1248 aliquid
1302 1166 1341 1230 ab

66 1275 161 1356 aliqua
202 1293 247 1338 re
281 1274 335 1337 vel
369 1274 441 1338 loco
465 1277 664 1350 removetur,
688 1274 839 1351 alterum,
865 1289 937 1336 cum
969 1273 1102 1354 aliquis,
1127 1292 1145 1336 a
1167 1272 1241 1338 loco
1272 1289 1341 1338 non

67 1381 248 1459 discedens,
274 1380 349 1446 inde
376 1381 537 1446 actionem
563 1397 655 1445 suam
680 1381 790 1461 aliquo
815 1379 937 1462 dirigit
960 1379 1198 1461 tertium,cum
1223 1381 1343 1461 priuci-

64 1489 142 1567 pium
180 1487 291 1568 spatii
327 1488 466 1552 alicuius
502 1485 713 1568 significatum
738 1491 901 1569 quartum,
927 1505 1001 1550 cum
1026 1487 1227 1568 praepositio
1249 1505 1344 1568 ,pro-

64 1591 109 1655 cul
132 1597 175 1656 a“
197 1593 304 1657 valet.

104 1701 132 1778 1)
157 1699 276 1765 Primi
300 1700 403 1784 igitur
427 1700 556 1780 generis
582 1698 731 1780 exempla
751 1697 803 1764 his
826 1699 911 1764 locis
934 1699 1130 1765 invenimus:

99 1806 131 1888 a)
156 1807 219 1870 ubi
247 1805 451 1888 praepositio
474 1805 524 1869 rei
546 1805 709 1870 inanimae
733 1805 888 1871 adiuncta
912 1812 972 1875 est.

102 1918 181 1990 βαλ
198 1919 217 1992 β
233 1914 243 1977 ί
258 1929 285 1990 ς;
310 1910 349 1975 Ε.
376 1916 459 1975 1159
485 1911 568 1990 ἄφες
592 1911 656 1976 ἀπὸ
685 1913 842 1991 βαλβίδων
866 1913 920 1991 ἐμέ
941 1933 976 1976 τε
1001 1915 1052 1976 καὶ
1075 1915 1213 1979 τουτονί.

101 2131 164 2203 γῆε
193 2125 235 2190 P.
266 2129 328 2190 159
352 2125 391 2190 ἵει
415 2125 649 2191 σαυτὸν--ἀπὸ
672 2131 744 2204 γῆς..

101 2253 148 2306 γυ
162 2255 183 2310 μ
195 2255 217 2296 ν
233 2235 342 2297 άσιο
356 2251 385 2295 νε
401 2233 467 2297 AV.
496 2235 557 2294 140
582 2231 702 2296 ἀπιόντ’
726 2233 789 2297 ἀπὸ
816 2235 1007 2310 γυμνασίου.
1073 2297 1076 2302 ,

104 2339 235 2416 θύρας
263 2343 302 2402 Α.
327 2342 391 2402 864
416 2339 446 2401 οἱ
470 2343 595 2418 σφῆκες
619 2339 678 2402 οὐκ
702 2337 766 2402 ἀπὸ
788 2344 854 2404 τῶν
878 2344 986 2418 θυρῶν
1009 2339 1045 2422 (i.
1071 2356 1099 2406 e.
1124 2339 1238 2421 ἄπιτελς

103 2443 141 2506 Ε.
166 2449 237 2510 728
263 2446 324 2510 οὐκ
348 2445 429 2510 τίιπιτ>
463 2445 527 2509 ἀπὸ
563 2451 619 2523 τῆς
652 2446 762 2522 θύρας
787 2444 828 2509 de
853 2464 917 2527 quo
942 2447 1016 2510 loco
1041 2450 1140 2527 atque
1164 2445 1204 2509 dc
1229 2445 1343 2510 Bochai

70 2545 266 2634 i'elsenique
292 2554 481 2617 coniectura
505 2553 597 2630 ἐκτὸς
621 2558 677 2631 τῆς
716 2561 743 2620 θ.
783 2554 867 2618 bene
905 2550 1086 2635 disputavit
1115 2553 1342 2618 Bachmanuus

71 2673 96 2733 p.
122 2661 183 2723 103
210 2667 249 2725 et
271 2659 439 2726 Vahlenus
464 2680 495 2741 p.
521 2665 573 2725 23.

107 2763 145 2830 N.
172 2773 262 2831 1954
287 2767 408 2832 οὔκουν
418 2769 686 2845 -ἀπολιταργιεῑς
710 2769 773 2832 ἀπὸ
796 2773 853 2846 τῆς
876 2769 985 2846 ούρας;

107 2872 249 2952 tapso:
274 2873 333 2941 Th.
358 2877 421 2938 395
447 2873 599 2950 εἰσιόντες
623 2875 686 2938 ἀπὸ
710 2879 775 2938 τῶν
798 2875 915 2951 ἰκρίων.

107 2983 289 3059 καλπίςε
313 2981 348 3045 L.
375 2985 437 3045 539
462 2978 602 3058 ἀπαίρετ’
629 2980 693 3044 ἀπὸ
716 2985 781 3044 τῶν
806 2982 967 3045 καλπίδων

109 3108 191 3168 κεφ
206 3090 300 3167 αλή;
326 3091 383 3152 Αν.
410 3095 473 3153 674
498 3088 817 3164 ἀπολέψαντα-ἀπὸ
840 3091 897 3166 τῆς
921 3091 1064 3169 κεφαλῆς
1088 3091 1125 3152 τὸ
1150 3091 1260 3167 λέμμα.

109 3195 200 3260 οἰκί
215 3217 248 3261 α;
272 3197 311 3260 N.
343 3201 423 3260 1296
449 3195 508 3258 οὐκ
532 3195 698 3259 ἀποδιώξει
723 3196 846 3258 σαυτὸν
870 3195 933 3259 ἀπὸ
956 3200 1015 3273 τῆς
1039 3196 1150 3273 οίκίας;
1175 3195 1231 3260 ubi
1252 3194 1289 3260 R.
1315 3196 1340 3255 V

73 3296 121 3361 alii
160 3303 293 3367 codices
327 3320 499 3382 perperam
536 3301 570 3366 ἐκ
595 3299 758 3364 exhibent:
782 3302 840 3364 sed
871 3299 972 3379 ,haec
997 3307 1088 3365 extra
1112 3304 1211 3366 aedes
1235 3303 1343 3367 omnia

73 3413 233 3485 aguntum
257 3409 311 3492 (G.
338 3409 474 3492 Herna).
512 3409 607 3486 Quod
631 3413 740 3473 autem
764 3410 932 3473 ἀποδιώξει
959 3425 1018 3488 pr0
1044 3408 1232 3486 ἀποδιώξεις
1256 3410 1343 3474 οοιίί-

73 3527 140 3576 eum
164 3513 347 3582 Eimsleius
383 3517 526 3597 scripsit,
551 3515 625 3580 vide
650 3515 872 3581 Rutterioruii
913 3515 998 3596 ,The
1024 3535 1092 3579 new
1116 3515 1339 3598 Phrynichus“

75 3629 103 3693 Ι).
127 3623 187 3684 377
216 3643 264 3704 sq.

112 3725 152 3788 V·
177 3733 242 3794 456
267 3735 341 3795 παῖε
364 3733 440 3808 τοὺς
465 3737 594 3809 σφῆκας
620 3733 682 3796 ἀπὸ
706 3737 762 3809 τῆς
793 3733 901 3808 οἰκίας.

114 3830 276 3915 ὀσφύς
301 3835 337 3899 Ρ.
365 3839 447 3900 1053
472 3835 587 3913 κᾶπαγ’
611 3839 675 3902 ἀπὸ
698 3841 756 3916 τῆς
787 3839 925 3916 ὀσφύος,
965 3837 987 3899 i.
1028 3855 1055 3904 e.
1095 3836 1273 3916 ὀβελίσκον,
1305 3847 1342 3901 ut

77 3935 117 3998 ait
145 3941 246 4007 schol.
283 3943 475 4024 Blaydesius
511 3950 544 4007 et
579 3941 806 4008 Baehmanuus
842 3943 888 4026 (p.
925 3943 980 4025 96)
1006 3950 1130 4008 terrere
1154 3943 1207 4010 hic
1232 3944 1340 4024 κᾶπεχ·

78 4056 262 4127 imponunt.
288 4048 387 4115 Cuius
412 4051 605 4116 mutationis
630 4067 762 4115 causam
786 4051 870 4114 hanc
904 4049 1133 4115 Bachmaunus
1157 4049 1261 4115 affert:
1290 4051 1341 4132 „in

79 4145 122 4214 iis
142 4156 264 4234 verbis,
289 4157 404 4239 inquit,
430 4158 531 4234 ἄπαγε
557 4158 627 4241 (τὸν
652 4158 729 4241 dd),
754 4157 840 4238 quod
864 4158 995 4239 quidem
1019 4177 1116 4223 unam
1142 4159 1340 4240 singularem

80 4257 230 4327 octonem
254 4262 416 4346 significat
433 4283 586 4344 „reusove
603 4267 714 4338 veru“‚
731 4285 780 4328 me
805 4265 913 4330 iudice
938 4265 1131 4329 adversatur
1156 4265 1339 4330 sententiae

79 4356 145 4441 ioci,
166 4371 338 4435 manifesto
363 4372 528 4436 notionem
554 4375 660 4437 status
685 4373 948 4454 conditionisque
973 4378 1151 4454 perpetuae
1170 4370 1340 4452 flagitanti:

85 4487 171 4543 „eave
191 4495 232 4542 ne
255 4478 402 4542 lumbum
428 4477 580 4561 attingas,
598 4479 853 4544 abstinelumbo
876 4481 976 4544 καιναί
1004 4477 1117 4562 (schol.
1145 4479 1218 4543 οἷον
1240 4478 1341 4557 πρόσ-

85 4591 128 4652 Ελε
157 4587 194 4663 μὴ
229 4586 297 4670 ἅψῃ
322 4588 430 4666 αὐτῆς·
454 4589 551 4670 ταύτῃ
586 4589 647 4664 γὰρ
686 4589 917 4666 μαντεύονται).
943 4587 1058 4670 Itaque
1082 4585 1208 4652 scribas
1232 4584 1340 4666 xduex‘
