3326 5372
827 503 1026 568 -166-

336 673 373 739 Ρ.
401 676 462 737 591
488 673 768 753 ἐπάσχομεν-ἐπὶ
792 675 854 737 σοῦ
878 673 1007 747 γλυκέα.

337 781 395 844 Av.
422 781 486 842 543
509 782 541 844 oi
570 779 695 860 (τ-έμοὶ
717 777 866 859 πατέρες)
891 778 989 841 τάσδε
1012 777 1069 854 τὰς
1092 777 1183 854 τιμὰς
1210 775 1385 852 προγόνων
1409 772 1561 851 παραδόν-

295 907 362 953 των
384 883 433 953 ἐπ’
457 886 535 964 ἐμοῦ
558 887 739 950 κατέλυσαν
764 877 866 966 „mea
880 885 1021 947 aetate“.
1047 883 1136 948 Haec
1160 889 1212 948 cst
1230 882 1328 946 lectio
1350 880 1557 963 plurimorum
1610 950 1611 1008 1

293 992 458 1070 codicum,
482 1013 500 1056 a
524 991 698 1057 Meineireo
722 998 867 1073 recepta.
892 989 957 1056 Sed
981 991 1046 1054 duo
1071 990 1201 1056 codices
1225 990 1315 1072 (Par.
1331 992 1367 1053 A.
1382 995 1416 1053 et
1430 987 1512 1053 Med.
1529 985 1560 1068 ὃ)
1610 1019 1611 1030 ¹

294 1101 453 1181 praebent
477 1095 525 1164 ἐπ’
550 1100 628 1178 ἐμοί,
654 1099 740 1180 quod
764 1100 861 1182 vulgo
885 1099 1148 1180 interpretantur
1175 1096 1353 1178 „adversus
1377 1101 1459 1168 me“‚
1481 1094 1512 1158 b.
1535 1112 1559 1158 c.

294 1209 524 1287 „incommodo
549 1207 601 1270 vel
626 1207 823 1272 detrimento
849 1207 955 1272 meo“.
992 1205 1084 1270 Hane
1115 1205 1311 1270 sententiam
1340 1203 1489 1285 amplexi,
1512 1219 1567 1284 ge·-

293 1314 440 1379 netivmn
476 1315 629 1379 damnare
662 1313 781 1388 solent,
814 1314 900 1399 quod
924 1315 1027 1379 multo
1052 1317 1137 1387 ante,
1164 1329 1260 1393 quem
1285 1309 1367 1376 illud
1399 1309 1560 1376 saeculum
1611 1380 1612 1409 ¹

293 1422 409 1486 Avium
433 1433 546 1486 natum
578 1421 632 1494 sit,
670 1423 844 1504 imperium
880 1440 975 1486 suum
1014 1420 1241 1502 prodidissent
1276 1418 1419 1484 maiores
1455 1433 1561 1481 earnm

292 1527 351 1608 (cl.
375 1526 525 1610 Blaydes.
555 1547 586 1608 p.
611 1529 702 1611 491),
727 1547 831 1609 neque
855 1528 955 1592 ullam
980 1527 1131 1592 notitlam
1157 1527 1229 1590 eius
1266 1525 1396 1608 imperii
1432 1543 1489 1589 eas
1511 1523 1562 1586 ha·

292 1633 404 1698 buisse
428 1638 505 1698 ante
528 1633 708 1698 Pithetaeri
732 1635 908 1699 adventum
932 1655 948 1697 e
971 1655 1024 1699 vv.
1047 1637 1110 1698 467
1136 1640 1170 1699 ct
1198 1637 1263 1698 470
1301 1630 1560 1698 manifestissime
1611 1679 1612 1720 3

293 1747 451 1824 appareat
476 1739 529 1824 (ci.
555 1739 691 1824 Seageri
715 1760 789 1806 ann.
814 1741 901 1822 apud
923 1741 1133 1821 Bekkernm).
1160 1739 1259 1818 Quae
1275 1747 1308 1805 et
1329 1740 1429 1805 lectio
1448 1747 1480 1802 et
1494 1755 1560 1802 sen·

293 1849 397 1914 tentia
421 1867 538 1914 vereor
561 1867 602 1915 ne
627 1849 672 1914 sit
695 1849 877 1931 speciosior
901 1867 998 1930 quam
1022 1851 1142 1915 verior.
1167 1847 1264 1914 Mitto
1290 1847 1389 1925 enim,
1413 1845 1498 1930 quod
1514 1862 1561 1926 ge·

293 1958 422 2022 nativus
446 1956 599 2038 plurimis
624 1957 823 2038 optimisque
848 1957 1017 2021 codicibus
1042 1955 1283 2037 suppeditatur:
1309 1955 1367 2020 sed
1391 1956 1441 2020 ἐπί
1458 1952 1565 2018 dativo

293 2065 450 2137 iunctum,
474 2068 511 2127 ut
535 2082 634 2145 supra
657 2064 798 2129 vidimus
823 2066 868 2147 (p.
886 2065 974 2147 159),
991 2081 1122 2145 semper
1145 2063 1295 2146 designat
1319 2063 1494 2134 actionem,
1519 2059 1561 2124 in·

293 2172 385 2236 lenso
410 2169 550 2234 oonsilio
573 2179 686 2238 contra
716 2171 858 2252 aliquem
899 2176 1086 2253 susceptam
1122 2172 1222 2253 (quod
1253 2178 1342 2235 recte
1383 2169 1567 2235 Fritschius-

294 2297 325 2359 p.
352 2279 392 2340 72
421 2276 498 2357 „der
522 2277 759 2359 beabsiehtigte
784 2277 975 2344 Nachtheil“
1001 2276 1138 2360 definit),
1164 2295 1228 2343 non
1254 2295 1336 2356 cam,
1375 2295 1472 2359 quam
1509 2272 1560 2337 ali·

295 2384 390 2448 cuius
415 2382 586 2448 calamitas
609 2384 745 2448 fortuito
771 2383 1002 2465 consequatur.
1028 2383 1121 2461 Quod
1145 2389 1181 2448 ut
1212 2382 1417 2448 manifestius
1442 2379 1565 2452 inciam,

295 2490 358 2554 boe
379 2489 459 2554 mihi
482 2489 583 2554 liccat
605 2491 753 2572 exemplo
779 2490 838 2555 uti:
874 2510 945 2554 cum
979 2488 1169 2553 detrimento
1203 2507 1263 2553 suo
1299 2488 1443 2554 insciens
1473 2495 1561 2567 atque

295 2595 484 2678 imprudens
506 2597 612 2678 quivis
636 2596 758 2678 aliquid
782 2615 878 2679 agere
895 2604 1016 2678 potest,
1031 2599 1149 2660 contire
1163 2616 1198 2660 se
1212 2596 1380 2661 voluntate
1396 2602 1430 2660 et
1447 2591 1563 2659 indicio
1613 2635 1614 2648 t

294 2721 391 2767 nemo
415 2721 516 2768 sanus
540 2705 716 2787 quidquam
737 2703 847 2769 iaciat.
871 2707 978 2787 Atque
1002 2711 1038 2769 ut
1054 2705 1095 2769 ed
1118 2704 1228 2769 locum
1252 2709 1402 2768 nostrum
1426 2702 1562 2778 redeam,

294 2809 411 2874 Avium
435 2814 589 2891 parentes
623 2827 690 2876 non
723 2811 900 2891 prudentes
935 2813 1064 2885 fecisse,
1092 2815 1129 2875 ut
1150 2808 1275 2875 liberos
1298 2809 1438 2890 imperio
1463 2807 1562 2890 priva-

294 2923 378 2993 rent,
403 2922 437 2981 et
460 2936 513 2981 res
536 2915 610 2999 ipsa
633 2918 740 2984 docet:
764 2919 837 2999 quis
863 2918 950 2984 eninr
976 2922 1069 3003 pater
1091 2920 1153 2983 boc
1173 2917 1288 2982 liberis
1303 2915 1411 2981 iacere
1436 2915 1562 2997 relit-

294 3029 328 3088 et
351 3023 442 3088 chori
470 3023 568 3087 verba
593 3025 829 3091 demonstrant:
854 3025 1001 3108 ignaviae
1026 3024 1134 3108 (κάκη)
1160 3025 1257 3103 enim,
1274 3042 1340 3088 non
1356 3017 1567 3106 malignitatis·

294 3137 407 3212 patres
430 3130 570 3196 incusat.
595 3131 734 3196 Accedit
757 3133 843 3214 quod
869 3131 948 3196 illud
971 3133 1147 3213 imperium
1172 3132 1295 3196 Avibus
1323 3148 1427 3213 nuper
1461 3128 1567 3192 adem-

294 3243 386 3318 ptum
420 3256 493 3303 esse
526 3238 647 3306 chorus
678 3247 782 3322 putat:
806 3260 870 3305 non
895 3241 980 3305 enim
1005 3239 1187 3304 maioribus
1210 3229 1284 3320 hoc,
1321 3239 1380 3302 sed
1412 3232 1563 3318 patribus

295 3343 351 3407 dat
375 3345 513 3410 crimini.
538 3346 630 3425 Quae
655 3366 730 3414 crim
754 3349 801 3412 ita
820 3348 898 3424 sint,
922 3367 980 3414 cur
1003 3346 1075 3414 fieri
1099 3366 1163 3412 non
1187 3352 1306 3428 potest,
1331 3359 1367 3409 nt
1385 3348 1470 3410 Aves
1489 3336 1562 3406 illud

294 3452 467 3533 imperium
491 3453 556 3518 iarn
579 3473 640 3519 aun
663 3463 784 3532 aetate,
805 3454 837 3517 h.
862 3473 890 3518 c.
917 3473 951 3519 se
976 3454 1153 3518 infantibus
1170 3453 1222 3517 vel
1237 3451 1361 3534 pueris,
1380 3453 1565 3530 ademptum·

295 3576 368 3626 esse
391 3556 558 3626 finxerint?
584 3561 678 3638 Quod
702 3568 811 3625 autem
837 3561 989 3638 obicitur,
1013 3563 1100 3626 Aves
1129 3560 1201 3624 eius
1237 3559 1370 3641 imperii
1404 3577 1469 3623 non
1503 3570 1563 3618 me·

294 3664 440 3740 miniosa,
464 3663 545 3730 nihii
570 3685 714 3732 moveor:
739 3687 812 3732 narn
837 3667 867 3732 si
890 3666 1018 3748 parvuli
1053 3673 1122 3732 tum
1158 3669 1301 3736 fuerunt,
1339 3666 1503 3748 quomodo
1536 3657 1567 3722 id

295 3772 486 3837 meminisse
510 3774 665 3853 possunt?
687 3775 802 3856 Neque
826 3774 923 3839 aliter
940 3777 1028 3838 hunc
1043 3775 1151 3839 locum
1171 3773 1374 3840 intellexisse
1393 3771 1564 3840 scholiasta

295 3896 424 3960 quoque
448 3880 587 3956 videtur,
612 3900 685 3946 cum
708 3883 995 3963 interpretaretur:
1019 3880 1069 3947 ἐπ’
1094 3884 1183 3960 ἐμοῦ·
1209 3881 1254 3960 εἰς
1271 3880 1355 3946 ὅσον
1371 3881 1490 3959 αὐτοὺς
1506 3877 1567 3952 ἐγὼ

295 3986 414 4065 χρόνον
437 3985 633 4067 διεδεχόμην.

339 4089 397 4154 Ec.
423 4096 486 4158 943
511 4091 551 4156 οὐ
574 4095 635 4170 γὰρ
658 4093 731 4157 τάπὶ
753 4091 925 4172 Χαριξένης
949 4092 1017 4158 τάδ’
1046 4095 1142 4159 ἐστίν.
1169 4098 1231 4158 985
1256 4098 1306 4162 ἐπὶ
1330 4101 1387 4176 τῆς
1409 4096 1563 4175 προτέρας

295 4202 395 4282 ἀρχῆς
418 4224 454 4279 γε
477 4201 564 4268 ταῦτ’
588 4204 638 4282 ἦν.

340 4309 392 4373 Fr.
419 4312 483 4375 554
507 4311 557 4374 ἐπὶ
579 4310 742 4388 tatuvino
768 4309 946 4391 „archonte
969 4309 1160 4374 Phalcnia“.

339 4420 372 4502 b)
398 4420 469 4486 ἐπὶ
491 4420 657 4499 γήρως,
682 4417 743 4498 ἐφ’
768 4421 890 4499 ἥβης
915 4419 953 4484 E.
981 4424 1044 4483 524
1069 4421 1119 4486 ἐπὶ
1134 4419 1255 4497 γήρως,
1272 4417 1310 4482 ob
1329 4419 1390 4494 γὰρ
1406 4413 1458 4495 ἐφ’
1477 4414 1558 4492 ἥβης,

295 4528 445 4606 ἐξεβλήθη
474 4526 526 4607 „in
551 4532 731 4602 senectute,
761 4527 962 4591 iuventute“.
