3328 5370
639 491 816 553 „45-

132 655 377 735 Βακχεῖον.
401 645 439 720 L.
465 643 480 720 '1
509 655 605 734 εἴτις
626 655 674 735 εἰς
698 657 731 720 Β.
752 657 853 735 αὐτάς
875 659 1039 736 ἐκάλεσεν,
1075 659 1132 724 ubi
1163 655 1370 742 Bluyoesius:

91 763 151 844 „sd
174 760 304 826 Boethi
329 760 421 843 orgia
442 762 511 827 sive
534 762 666 839 tostum,
690 774 767 842 non,
792 768 830 828 ut
852 765 954 829 vertit
975 761 1173 842 Brunckius‚
1189 767 1225 831 in
1255 766 1373 832 sedens

88 865 243 936 Beecli‘.
268 867 315 931 At
329 862 486 933 Brunokii
498 868 728 951 interpretatio
741 869 916 935 verissima
929 873 991 937 est.
1015 865 1101 936 Num
1127 874 1282 952 Βακχεῖον
1304 869 1371 938 etsi

89 973 169 1040 alibi
191 975 255 1040 hoc
280 990 382 1040 sensu
395 993 462 1041 non
475 975 733 1059 legitur‚tumeu
756 981 790 1042 et
811 981 904 1042 recte
918 977 1041 1043 dietum
1067 983 1119 1044 est
1141 979 1373 1061 analogiuen-

90 1083 456 1161 σεῖον,θεσμοφορεῖον
485 1081 722 1164 similiumque,
737 1088 771 1147 et
794 1087 945 1149 soterum
972 1084 1193 1166 interpretum
1216 1087 1372 1152 testimo-

90 1189 146 1254 nio
168 1186 248 1252 lmen
267 1183 323 1252 vis
348 1185 576 1266 confirmetur,
599 1195 638 1254 ut
661 1189 731 1255 soh.
756 1185 836 1254 Eur.
858 1189 983 1256 Ρλιοοτι.
1008 1206 1038 1256 v.
1065 1195 1117 1256 m:
1142 1193 1263 1268 λέγεται
1287 1194 1370 1257 Βοκ-

94 1299 179 1375 χτῑον
201 1296 250 1358 καὶ
272 1293 293 1358 δ
315 1294 485 1359 Διονύσου
501 1296 597 1374 Ιναός.
634 1295 831 1379 Hesychius:
864 1299 1030 1380 Βακχεῖον,
1053 1300 1269 1380 τελεστήριον,
1293 1297 1315 1364 i.
1339 1315 1373 1362 ο.

96 1401 213 1482 „lusum
236 1401 294 1466 uni
316 1401 414 1466 initis
436 1397 541 1467 fiunt‘
564 1399 615 1486 (L.
639 1401 792 1470 Dindorf.
815 1404 850 1468 in
873 1403 970 1473 Thes.
997 1425 1027 1471 v.
1052 1407 1093 1482 ll,
1118 1424 1151 1488 p.
1175 1403 1241 1488 58).
1282 1404 1371 1483 Quid

91 1508 173 1590 quod
195 1507 315 1574 louults
351 1505 549 1591 significatio
584 1510 727 1575 monime
751 1512 989 1593 insequentia
1013 1525 1197 1596 congruere
1221 1509 1372 1604 videtur?

88 1615 119 1680 in
150 1616 306 1698 proximo
337 1615 424 1682 enim
459 1633 558 1683 versu
592 1617 674 1684 item
708 1618 782 1684 lucu
815 1618 1038 1684 nominamur.
1071 1619 1233 1701 Denique,
1258 1618 1288 1684 si
1310 1620 1372 1686 λτ,

87 1721 207 1788 Bacchi
233 1722 524 1806 orgiu'dssignare
553 1724 723 1800 voluisset,
755 1725 868 1807 potius
889 1727 1067 1807 pluraliter
1105 1729 1246 1806 βακχεῖα,
1270 1732 1307 1790 ut
1329 1727 1370 1790 R„

89 1833 163 1908 351,
187 1829 340 1920 dixisset.

127 1938 352 2014 Onueiov:
372 1939 411 2006 Ε.
438 1940 523 2001 1312
549 1937 594 2017 εἰς
617 1940 654 2002 τὸ
679 1941 716 2004 θ.
740 1939 914 2018 πλεούσας.

127 2043 182 2113 Fr.
209 2047 287 2121 567,
312 2049 331 2108 2
356 2044 401 2123 εἰς
422 2046 461 2109 τό
485 2047 522 2114 θ,
547 2049 691 2123 δραμεῖν.

129 2151 314 2218 Καινόν;
338 2151 378 2218 V.
406 2155 464 2214 121
493 2151 537 2229 εἰς
560 2152 598 2215 τὸ
624 2153 656 2215 Κ.
681 2153 840 2230 ἐμπεσών,
866 2152 922 2216 ubi
945 2172 976 2217 v.
1000 2153 1105 2218 schol.

127 2256 174 2322 Ut
196 2273 259 2338 pro
283 2257 319 2321 ἐν
342 2257 432 2340 οἰκία,
455 2257 531 2340 ἱερῷ
566 2257 609 2322 ολ
632 2257 720 2335 τινάς
752 2256 854 2321 Attici
879 2257 991 2322 uiuere
1017 2259 1168 2324 solebant
1206 2261 1242 2329 ἔν
1267 2281 1367 2338 τινος,

89 2353 221 2445 stupro
247 2361 293 2441 είς
316 2363 426 2440 οἰκίαν,
450 2363 539 2441 ἱερόν
561 2361 603 2428 ul.
627 2364 713 2441 τινός
736 2361 861 2428 dicitur
889 2365 935 2442 είς
957 2385 1056 2443 τινος.

130 2469 168 2534 λ.
189 2471 277 2534 1222
295 2469 412 2548 θύραζέ
426 2470 456 2550 μ’
471 2458 643 2546 ἐξενέγκατ’
661 2471 706 2548 εἰς
720 2473 778 2535 τοῦ
801 2472 972 2537 Πιττάλου.
988 2469 1041 2537 lta
1054 2473 1200 2555 ‘scripsit
1222 2474 1322 2543 Mein.
1346 2489 1368 2537 e

88 2577 158 2642 oud.
181 2575 266 2641 Ιίιτν.
289 2573 423 2657 Reliqui
445 2575 567 2641 hubent
589 2577 634 2656 εἰς
657 2573 719 2661 (ἐς)
742 2579 802 2642 τάν
819 2576 979 2643 Πιττάλου
1003 2583 1104 2660 utque
1129 2578 1227 2644 etiem
1248 2580 1366 2659 εἰςτδν

86 2685 256 2749 Πίτταλον.
281 2680 461 2748 Elmsleius
485 2688 521 2746 et
541 2683 736 2765 Bluydesius
761 2684 930 2749 coniciunt
943 2686 992 2764 ὡς
1008 2687 1085 2765 τοὺς
1101 2687 1267 2762 Πιττάλου,
1279 2688 1367 2769 quod
1398 2720 1404 2736 ·

88 2799 120 2857 et
141 2789 306 2856 articulus
329 2788 512 2871 invulgutu
525 2791 693 2872 scriptura
716 2790 882 2856 abundare
905 2791 1068 2870 videatur,
1086 2797 1120 2858 et
1142 2793 1366 2875 Dicaeopolis

86 2919 114 2964 τ.
139 2901 228 2964 1224
252 2895 410 2962 Lamechi
432 2896 539 2961 verbu
561 2896 727 2975 deridens,
751 2899 798 2976 ὡς
820 2899 897 2978 τοὺς
921 2901 1028 2978 κριτάς
1053 2901 1153 2969 dicet.
1166 2897 1257 2966 ldem
1274 2899 1365 2966 Elm-

87 3005 187 3072 sleius
211 3004 311 3069 ulium
354 3003 580 3070 coniecturum
615 3004 662 3081 εἰς
698 3006 738 3068 τά
760 3005 919 3070 Πιττάλου
943 3006 1033 3091 (coll.
1058 3001 1100 3076 V,
1127 3011 1227 3089 1440)
1250 3014 1368 3090 protn«

86 3112 132 3178 lit
170 3110 260 3190 Quid
294 3111 349 3175 hie
383 3111 593 3177 scribendum
629 3111 683 3186 sit,
708 3108 843 3175 difficile
878 3112 971 3178 dictu
1001 3119 1062 3192 est;
1087 3113 1145 3180 sod
1166 3113 1262 3179 valde
1284 3113 1365 3179 mihi

87 3218 215 3286 arridet
235 3217 329 3300 prior
347 3218 406 3283 ills
429 3217 568 3285 Elmslei
593 3219 793 3284 coniectura:
812 3235 887 3284 nam
911 3219 945 3283 in
961 3219 1124 3284 eiusmodi
1140 3217 1367 3286 locutionibus

88 3325 222 3392 nomina
244 3324 380 3406 propria
403 3325 546 3391 articulo
580 3341 693 3392 curere
728 3325 846 3390 solent
883 3321 958 3392 Non
982 3327 1092 3391 minus
1114 3333 1226 3392 tamen
1249 3327 1367 3410 probu-

87 3433 197 3499 bilitoe
233 3432 335 3496 otium
371 3433 416 3511 εἰς
449 3434 526 3511 τοὺς
548 3435 708 3499 Πιττάλου
732 3433 834 3499 seribi
857 3437 971 3515 potest
993 3432 1098 3516 (quod
1120 3431 1368 3500 Schoemmmus

88 3539 241 3623 proponit
264 3558 296 3620 p.
324 3540 389 3622 lt),
414 3541 455 3605 de
480 3558 544 3622 quo
567 3559 630 3606 usu
653 3540 910 3624 praepositionis
938 3541 983 3620 εἰς
998 3542 1075 3606 vide
1098 3557 1182 3623 quae
1205 3539 1292 3606 infru
1315 3538 1370 3608 di*

89 3653 214 3713 αιτιοι.
242 3644 346 3728 ,Sunt
368 3651 480 3712 nutem
504 3648 534 3712 οἱ
556 3649 716 3714 Πιττάλου
739 3649 810 3714 sine
834 3648 935 3713 dubio
960 3647 1032 3714 eius
1054 3647 1250 3728 familiares,
1265 3648 1367 3714 disci-

89 3753 156 3836 puli
189 3758 250 3818 sut
282 3752 396 3819 tumuli
431 3761 466 3819 et
499 3756 534 3820 in
568 3761 640 3820 erte
672 3754 1041 3821 lectitanduministri“
1069 3755 1236 3839 (sennem,
1260 3756 1367 3841 1ο).

91 3861 188 3940 Quod
211 3865 322 3926 autem
346 3860 380 3924 in
403 3859 482 3928 Ruv.
506 3867 564 3927 τοῦ
589 3862 723 3946 legitur,
746 3866 858 3942 potest
880 3879 900 3925 e
923 3861 1000 3939 τούς
1017 3869 1210 3945 corruptum
1228 3855 1370 3942 esseut

90 3969 122 4032 in
142 3988 174 4034 τ.
202 3969 287 4032 1032
310 3972 428 4049 aperto
451 3970 584 4036 mondo
619 3970 653 4034 in
689 3970 804 4034 eodem
837 3969 916 4033 Rau.
943 3970 1104 4050 seriptum
1130 3978 1181 4035 est
1202 3973 1284 4048 πρὸς
1306 3973 1367 4034 τοῦ

90 4075 247 4139 Πιττάλου
270 4091 331 4155 pro
357 4077 439 4153 πρὸς
461 4077 539 4153 τοὺς
562 4077 615 4154 Π,
639 4076 680 4141 de
704 4093 768 4160 quo
793 4076 867 4142 λοοο
891 4077 967 4141 vido
989 4073 1073 4141 infru
1097 4079 1130 4142 in
1153 4079 1247 4155 πρός.

131 4181 170 4248 Ε.
200 4185 282 4246 1226
308 4183 440 4260 ἐφοίτας
464 4181 509 4259 εἰς
531 4186 618 4262 τίνος
642 4186 848 4251 διδασκάλου.

134 4285 261 4351 115118
297 4289 375 4353 εἴσω
411 4291 611 4366 καταβαίνων
634 4291 744 4367 ὥσπερ
783 4290 827 4367 εἰς
850 4289 1055 4368 Τροφωνίου,
1074 4289 1094 4356 ί.
1121 4306 1149 4356 e.
1172 4290 1270 4367 ἱερόν.
1296 4293 1363 4352 264»

94 4395 315 4473 βαδίζειν-*είς
337 4399 531 4473 κιθαριστοῦ.
558 4399 621 4460 996
646 4397 690 4474 είς
714 4396 926 4476 ὀρχηστρίδος
958 4397 1122 4480 εἰσᾴττειν.

134 4499 174 4570 V.
200 4505 263 4566 124
287 4503 464 4566 κατέκλινεν
488 4502 589 4567 αὐτὸν
613 4503 657 4580 εἰς
681 4503 883 4582 Ἀσκληπιοῦ.
907 4503 1030 4569 Eadem
1051 4504 1176 4568 locutio
1197 4503 1366 4568 iuvenitur

95 4603 126 4669 in
147 4605 194 4672 Pl.
221 4612 284 4672 114
307 4613 341 4672 et
364 4609 575 4673 unu-1250
599 4608 643 4687 εἰς
664 4610 902 4689 Φιλοκτήμονος
925 4611 1004 4690 ίμεν.
