3298 5368
746 454 943 520 -124-

256 622 292 702 4)
318 620 398 686 Tum
423 623 503 705 κοτᾴ
526 638 561 687 c:
581 639 661 698 acc,
686 619 805 699 verblu,
834 624 962 686 motum.
986 617 1255 704 significantibus,
1286 617 1486 695 adiunctum,

209 745 284 804 eum
310 744 378 795 rem
395 727 545 808 :denotat
560 746 661 811 quum.
681 726 756 809 quis
782 726 912 808 assequi
930 728 1049 801 studet,
1064 730 1097 792 et
1115 725 1252 792 Rossice
1266 727 1345 807 „uel
1361 724 1487 810 („u0“l4

210 836 299 916 „uul
326 839 389 898 etc.
414 835 497 902 verti
520 841 640 918 potest.
1194 889 1198 895 .
1235 858 1239 870 ι
1396 843 1399 851 ’

256 938 293 1008 P.
321 943 405 1006 1050
430 945 508 1008 κατὰ
531 944 589 1020 τὴν
613 946 727 1006 κνῖσαν
751 941 953 1019 εἰσελήλυθεν
977 941 1040 1020 „ud
1062 939 1209 1006 nidorem
1228 939 1397 1022 ingressus
1414 938 1486 1002 δολί(

124 1117 126 1121 ,
209 1064 372 1125 „comete
394 1067 439 1112 uc
463 1051 620 1114 ναυτικοί,

256 1155 313 1218 Αν.
342 1158 425 1219 1178
448 1157 642 1234 περιπόλους
666 1141 785 1233 πέμψαι
809 1154 877 1220 κατ’
903 1155 1000 1221 αὐτόν
1027 1155 1118 1237 „eius
1143 1153 1324 1237 vestigiis“‚
1340 1153 1360 1227 i,
1380 1173 1409 1217 e.
1428 1151 1488 1233 „ud

213 1260 475 1342 investigandum
500 1264 595 1328 eum“
622 1281 680 1342 „uu
704 1279 805 1335 uuuu,
832 1279 874 1326 110
903 1257 1023 1328 πραΰ.

256 1364 313 1430 Th.
341 1368 424 1430 1226
448 1369 554 1447 τρέχεΙ
574 1389 632 1433 νυν
666 1370 747 1434 κατὰ
781 1369 856 1445 τοὺς
892 1369 1033 1445 κόρακας
1067 1365 1363 1448 uceticae-quod
1388 1363 1429 1430 eb
1454 1366 1489 1440 tt

214 1471 282 1549 κόρ.
306 1490 369 1538 nou
393 1474 530 1541 multum
555 1471 669 1538 differe
694 1474 837 1540 videtur.
874 1471 939 1538 Sed
961 1478 1028 1538 tum
1053 1471 1190 1540 insolite
1213 1471 1339 1539 locutio
1363 1475 1426 1550 eut,
1450 1474 1489 1534 ut

211 1579 266 1642 vix
287 1579 431 1644 dubitari
455 1580 572 1662 possit,
590 1581 669 1662 quin
692 1597 757 1646 nen
782 1600 800 1646 u
817 1585 935 1662 poetae
953 1597 1051 1646 manu
1065 1579 1212 1661 protecte
1229 1578 1283 1653 uit,
1302 1591 1374 1644 cum
1392 1593 1488 1658 prue-

208 1684 328 1750 ucrtim
351 1704 468 1750 versus
502 1703 566 1750 οηο
602 1686 686 1770 pede
711 1686 885 1752 claudicet.
910 1687 977 1754 Nec
1001 1685 1087 1753 mula
1113 1690 1163 1752 eut
1186 1684 1386 1750 Bcehmuuui
1412 1699 1488 1746 cou-

211 1791 339 1858 iecturu
364 1790 463 1872 (Phil.
488 1790 516 1856 V
541 1789 653 1874 Suppl.
677 1810 709 1872 p.
735 1793 824 1872 254)²
856 1795 947 1872 τρέχε
981 1815 1038 1858 νυν
1067 1794 1146 1860 κατὰ
1169 1794 1266 1871 τάχος
1289 1791 1323 1868 ἐς
1346 1790 1488 1866 κόρακας

208 1896 397 1974 ἐπουρίσας,
421 1914 485 1977 quc
509 1896 606 1962 etiem
633 1896 793 1964 articulus
816 1897 984 1964 abundans
1013 1897 1151 1965 tollitur.

255 1999 299 2064 II.
324 1999 373 2066 Ad
396 2003 521 2080 tempus
546 2003 711 2078 tralatum,
730 2001 777 2066 de
803 2021 840 2068 eo
865 2003 1024 2085 temporie
1054 2004 1160 2084 uputlc
1184 2001 1316 2077 dieitur.
1340 2001 1375 2068 iu
1400 2001 1485 2082 quud

211 2107 432 2189 uliquuectic
455 2107 582 2173 incidit:
610 2127 669 2191 „uo
694 2113 836 2190 uperu“.

255 2212 297 2276 V.
323 2216 385 2278 779
409 2217 448 2292 ἢν
472 2216 560 2298 ἐξέχῃ
587 2217 641 2294 ἕλη
667 2211 733 2280 κατ’
759 2213 888 2296 ὄρθρον.

255 2319 290 2382 Ρ.
317 2323 378 2384 941
406 2321 786 2405 ἕτερον-ἑτέρῳτ-κατά
811 2325 921 2400 καιρόν
944 2323 1068 2404 ἀπαντᾷ
1087 2327 1290 2403 „opportuno
1314 2323 1484 2402 ternpore

208 2426 431 2506 ηυό-ιιροκιιίί.

215 2597 217 2604 Α
256 2530 315 2597 Ec.
331 2515 398 2597 288
411 2535 598 2612 ἐνδυόμεναι
622 2538 701 2600 κατὰ
725 2537 844 2600 σκότον
866 2535 1010 2614 τόλμημα
1033 2539 1229 2614 τηλικοῦτον,
1245 2553 1329 2618 quae
1351 2533 1486 2609 locutio,

211 2639 300 2705 utin
325 2639 424 2722 Soph.
439 2641 518 2706 Phil.
538 2644 611 2714 578,
629 2643 752 2722 „clum“
779 2639 964 2724 significare
982 2640 1123 2720 videtur,
1136 2661 1201 2708 nou
1228 2641 1281 2724 „iu
1306 2640 1486 2716 tenebris“‚

210 2753 248 2811 ut
283 2747 467 2813 Bruuckius
501 2749 609 2813 vertit.
647 2747 776 2814 Mecum
812 2746 892 2814 lacit
925 2748 1022 2814 etiem
1048 2748 1162 2828 schol,
1187 2749 1242 2830 qul
1265 2745 1354 2814 huuc
1376 2747 1486 2813 locum

209 2855 442 2929 καταδυόμενον
461 2855 505 2932 εἰς
528 2854 716 2932 τηλικαύτην
738 2855 858 2932 τόλμαν
882 2856 984 2933 λάθρα
1008 2854 1256 2935 interpretetur.

256 2959 309 3026 Fr.
336 2966 410 3038 561,
437 2967 450 3025 l
479 2963 557 3026 κατὰ
580 2960 819 3041 νύκτα-φλόγ’
842 2963 1068 3042 ἀνασειρόζεις.
1113 2953 1116 2962 ’

256 3065 315 3130 111.
338 3064 497 3143 Quoniam
535 3067 574 3131 de
609 3067 705 3134 loculi
732 3074 764 3132 et
787 3069 962 3150 temporali
994 3067 1243 3151 significatione
1258 3068 1335 3148 dixi,
1359 3069 1401 3134 ud
1425 3089 1487 3134 rue·

208 3171 414 3253 ίορλονίοανι
438 3191 535 3238 usum
558 3178 778 3244 transeamus.

260 3277 291 3361 1)
317 3276 494 3343 Ordiamur
518 3278 619 3362 igitur
649 3281 688 3344 ab
713 3281 920 3357 eductione,
946 3299 1029 3362 quae
1066 3281 1162 3362 vulgo
1186 3278 1404 3344 distributiva
1429 3296 1487 3342 vu·

208 3390 315 3459 cetur,
343 3403 424 3466 quae
461 3391 607 3467 apparet,
631 3385 687 3450 ubi
723 3386 763 3450 de
798 3385 1008 3452 multitudiue
1032 3386 1065 3451 in
1090 3391 1203 3468 partes
1234 3384 1342 3452 divise
1378 3386 1488 3468 agitur

209 3491 332 3573 ubique
357 3510 417 3558 nus
443 3495 525 3574 ,μοίι
552 3493 702 3558 όίοίιαυο.

212 3667 215 3674 ’
255 3594 296 3663 V.
323 3601 385 3662 718
410 3597 669 3662 ἔδοσαν-πέντε
694 3598 864 3676 μεδίμνους
899 3601 949 3662 καὶ
970 3598 1229 3677 ταῦτα-ἔλαβες
1253 3599 1331 3664 κατὰ
1355 3598 1487 3676 χοίνικα.

214 3707 298 3769 1107
323 3705 638 3782 ξυλλεγέντες-καθ’
664 3704 794 3782 ἑσμούς.

256 3813 314 3874 Αν.
341 3814 403 3876 996
428 3814 498 3893 (τὸν
522 3812 615 3896 ἀέρα)
640 3814 879 3877 διελεῖν-κατὰ
902 3813 992 3890 γύας.

255 3918 379 3984 10802
415 3915 482 3983 κατ’
518 3918 596 3998 ἔπος
628 3921 896 3999 βασανιεῖν-τὰς
930 3919 1118 4003 τραγῳδίας.
1156 3919 1241 3984 1198
1267 3916 1333 3982 κατ’
1364 3917 1486 3994 ἔπος-

211 4027 312 4090 κνίσω
336 4029 371 4091 τὸ
397 4024 468 4106 ῥῆμ’
494 4027 642 4093 ἕκαστον.
683 4029 764 4091 1407
790 4026 897 4106 μηκέτ’
923 4027 1027 4106 ἔμοιγε
1057 4027 1122 4092 κατ’
1146 4027 1233 4105 ἔπος,
1258 4025 1316 4092 ubi
1339 4025 1488 4090 Kockiuu

209 4151 384 4216 purpuram
421 4136 527 4218 κρίνῃς
561 4137 619 4212 τὴν
653 4136 786 4212 ποίησιν
815 4135 905 4214 ἡμῶν
930 4134 1027 4200 simul
1052 4135 1160 4202 audiri
1183 4134 1283 4200 iubet:
1309 4151 1383 4198 num
1408 4137 1487 4198 ute

208 4242 365 4318 καθήσθω
390 4241 507 4323 (1409)
531 4241 614 4306 cutis
638 4247 786 4323 apparet,
811 4241 911 4307 etiam
935 4241 989 4306 hic
1013 4242 1147 4306 verbum
1176 4239 1298 4306 tertiae
1321 4256 1487 4322 personae

208 4343 407 4412 audiendum
435 4353 496 4412 est.
520 4347 621 4412 Recte
650 4347 750 4428 igitur
766 4348 874 4412 reddit
891 4346 1087 4413 Bruuckius:
1105 4366 1184 4429 „nee
1200 4365 1328 4410 meeum
1344 4343 1488 4428 emplius

208 4453 350 4536 siugulis
375 4454 525 4519 versibus
551 4456 685 4519 certet“.
