3298 5368
657 485 858 546 -125'-

169 650 225 716 Fr.
248 654 289 716 10
312 654 392 718 κατο
414 653 566 732 στοίχους
589 651 792 729 κακρύξοιπαί
813 671 846 715 ’τι
870 653 1067 731 βαρβαριστί,
1147 675 1151 684 ’
1244 661 1248 678 ·

170 757 245 824 Huc
267 758 395 825 iaciunt
418 758 441 824 ii
465 775 594 841 quoque
620 757 694 836 loni,
718 756 840 839 quibus
864 759 943 824 κατά
966 757 1154 836 nominibus
1175 759 1406 825 numeralibus·

126 870 316 936 aotunuum
351 877 412 948 est
438 885 502 952 quo
539 887 639 936 sensu
673 868 788 934 Latine
822 869 955 934 nomina
983 869 1168 935 numeralia
1188 869 1430 955 distributiva„

126 982 336 1058 usurpantur.

172 1082 209 1146 V.
234 1087 297 1148 669
334 1087 577 1162 δωροδοκοῦσιν
614 1087 692 1148 κατὰ
730 1085 927 1160 πεντήκοντα
961 1085 1102 1149 τάλαντα
1138 1083 1319 1164 „quingena
1344 1083 1402 1144 t.“.

125 1193 189 1256 116
214 1194 431 1256 σῖτον-κατὰ
453 1191 650 1262 πεντήκοντα
673 1191 841 1269 μεδίμνους
863 1193 997 1268 ποριεῖν.

168 1301 227 1362 Αν.
256 1301 340 1363 1079
364 1300 440 1376 τοὺς
465 1299 600 1376 σπίνους
623 1301 725 1364 πωλεῖ
748 1298 817 1362 καθ’
843 1299 921 1363 ἑπτὰ
947 1298 1118 1377 τούβολοῦ.

167 1405 226 1470 rt.
251 1408 314 1472 811
341 1407 614 1482 κλέψασα-κατὰ
635 1407 835 1483 πεντήκοντα
857 1407 1005 1471 τάλαντα.

169 1511 296 1577 Eodem
321 1512 490 1594 pertinent
524 1512 720 1589 locutiones,
746 1512 787 1577 ad
810 1517 939 1593 tempus
973 1516 1175 1594 spectantes,
1198 1512 1253 1577 ubi
1278 1509 1401 1592 utquid

124 1619 263 1701 singulis
297 1619 423 1696 diebus,
447 1618 626 1695 mensibus,
650 1619 744 1685 annis
778 1627 842 1684 ete.
866 1618 939 1683 fieri
973 1617 1106 1692 diuitum
1131 1617 1294 1682 interdum
1328 1617 1401 1682 ἕκα-

124 1742 203 1803 στος
234 1725 374 1790 additur.
1332 1767 1337 1774 -

169 1831 209 1896 E.
238 1836 320 1897 1101
347 1834 567 1911 ποριῶ-βίον
591 1830 659 1899 καθ’
685 1831 816 1911 ἡμέραν.
836 1837 920 1898 1126
946 1833 1093 1911 βρύλλων
1115 1834 1152 1896 τὸ
1177 1828 1246 1896 καθ’
1269 1831 1402 1910 ἡμέραν,

125 1939 211 2023 quod
247 1938 434 2020 autgerus,
458 1938 534 2008 οοίί.
559 1939 639 2004 Eur.
664 1939 733 2005 Ion.
761 1941 822 2004 123
846 1947 882 2005 et
904 1939 955 2005 El.
983 1940 1056 2013 183,
1083 1937 1265 2004 adverbiali
1302 1955 1401 2004 sensu

125 2044 256 2126 accipit,
281 2049 319 2110 ut
342 2043 386 2109 sit
410 2045 574 2125 „potitare
599 2047 632 2109 io
656 2046 759 2118 dies“;
784 2047 911 2110 rectius
934 2043 1408 2120 Kockius‚ooil.ls.12.iitr

126 2153 271 2233 „vietum
297 2153 542 2234 quotiriianurn‘⁴
569 2153 815 2235 interpretatur.

168 2257 195 2323 N
232 2261 297 2322 ’156
322 2262 402 2324 κατὰ
425 2263 508 2336 μῆνα
531 2260 702 2337 τάργύριον
736 2261 918 2338 δανείζεται,
943 2259 1029 2340 quoti
1054 2259 1150 2340 vnigo
1178 2257 1230 2339 „in
1254 2259 1407 2341 singulos

125 2368 278 2431 ιιιατιεαεί
303 2371 396 2430 recte
431 2369 573 2444 vertunt;
598 2367 885 2433 vehementissime
910 2366 1033 2430 erravit
1055 2364 1214 2444 Κοαλίιιο,
1240 2366 1294 2446 qui
1316 2368 1398 2431 hanc

127 2473 263 2554 scripsit
299 2477 422 2536 notam:
459 2476 558 2550 ,ριατὰ
591 2479 674 2550 μῆνα
707 2474 959 2551 τιτοιιιίειιιιοίεο,
982 2491 1023 2536 nu
1050 2474 1101 2537 17.
1128 2473 1189 2550 μὴν
1213 2471 1313 2536 Mond
1338 2471 1404 2538 und

128 2577 275 2644 Monut“:
313 2595 477 2661 nunquam
513 2579 610 2658 eninr,
636 2580 722 2662 quod
758 2581 870 2655 seiam,
895 2581 956 2658 μήν
998 2577 1118 2652 lunam,
1158 2578 1216 2644 sed
1255 2595 1401 2643 mensem

128 2687 226 2751 valet.
267 2687 350 2750 1287
394 2687 472 2752 κατὰ
512 2689 595 2765 μῆνα
629 2691 679 2753 καί
720 2687 789 2752 καθ’
826 2690 946 2766 ἡμέραν
978 2688 1131 2752 πλέον-
1149 2687 1321 2762 τάργύριον
1358 2687 1405 2750 ἀεί

126 2795 276 2870 γίγνεται.

169 2901 219 2966 Pl.
246 2904 309 2966 tut
335 2905 466 2967 δεῖπνον
490 2905 569 2968 κατὰ
593 2900 662 2980 μῆν’
687 2903 892 2980 ἀποπέμπειν.
919 2905 1000 2966 1031
1028 2901 1149 2966 οὔκουν
1171 2898 1241 2965 καθ’
1264 2903 1404 2979 ἑκάστην

129 3009 281 3073 ἀπεδίδου
306 3012 365 3086 τήν
387 3010 485 3073 νύκτα
508 3025 571 3084 σοις

170 3115 345 3182 Postremo
371 3117 443 3182 looo
467 3135 584 3198 ponem
610 3121 688 3183 κατὰ
712 3120 832 3197 μικρόν,
856 3118 942 3200 quod
972 3119 1043 3183 iere
1069 3117 1215 3182 adverbii
1241 3114 1405 3200 signifiea-

128 3224 251 3288 tionem
277 3227 406 3305 aceepit
430 3224 637 3306 („pauiatim,
661 3226 897 3309 rninutatim“).

170 3329 214 3394 Ii.
242 3332 301 3393 741
329 3333 408 3396 κατὰ
433 3333 543 3409 μικρὸν
565 3333 752 3410 περιφρόνει
773 3334 813 3396 τα
835 3334 1015 3409 πράγματα.

173 3437 212 3499 V.
240 3439 302 3500 102
326 3435 412 3502 τοῦτ’
437 3440 512 3522 ἐρίῳ
537 3453 590 3503 σοι
613 3439 823 3503 ἐνστάζουσιν
847 3440 925 3501 κατὰ
950 3437 1070 3514 μικρόν.

173 3546 207 3628 2)
234 3543 321 3608 Huie
345 3545 431 3622 usui,
456 3544 497 3609 de
522 3562 586 3626 quo
611 3545 705 3609 modo
741 3545 820 3621 dixi,
843 3543 1014 3627 proximus
1038 3544 1066 3609 is
1090 3549 1151 3618 est,
1176 3544 1243 3624 ubi,
1268 3563 1406 3626 praepo-

131 3651 248 3717 sitione
271 3653 457 3732 pronomini
483 3651 639 3718 reiiexivu
662 3657 720 3716 aut
741 3671 770 3716 v.
797 3652 934 3729 ἕκαστος
959 3651 1082 3725 addita,
1108 3648 1322 3732 significatur,
1346 3652 1406 3716 ali-

131 3775 235 3838 quem,
251 3775 271 3820 a
295 3758 415 3824 ceteris
440 3750 662 3842 segregatum
676 3777 823 3824 seorsum
846 3759 972 3842 aliquid
988 3757 1098 3822 iacere
1113 3760 1236 3838 („esuu
1254 3777 1294 3822 no
1312 3761 1404 3832 root,

132 3864 348 3946 mninstro‘).

174 3971 213 4034 Α.
240 3972 325 4033 1010
350 3977 383 4034 et
402 3970 441 4034 N.
468 3973 552 4034 1203
578 3977 656 4038 κατὰ
681 3975 819 4038 σεαυτόν
841 3993 901 4036 νυν
922 3971 1053 4053 τρέπου,
1072 3973 1157 4054 quod
1185 3971 1406 4038 Bernhardins

132 4074 233 4158 (Synt.
259 4095 288 4158 p.
315 4077 394 4157 241)
418 4083 493 4156 apte
519 4096 591 4142 cum
617 4083 696 4144 κατὰ
720 4081 845 4144 σαυτὸν
868 4080 925 4144 ἔλα
950 4085 1129 4160 comparat.
1156 4080 1258 4144 Cuius
1281 4079 1403 4144 iorurn-

134 4181 183 4248 lae
208 4201 340 4248 sensum
365 4182 448 4247 idem
475 4199 549 4247 esse
574 4189 670 4265 atque
696 4186 728 4248 iu
753 4185 810 4248 ilio
835 4183 988 4250 Plautino
1016 4192 1071 4265 „tu
1097 4185 1148 4250 abi
1173 4186 1294 4251 tacitus
1315 4192 1410 4250 tuarn

133 4289 236 4356 viam“
259 4295 348 4356 recte
384 4291 498 4355 docuit
535 4290 731 4359 Brunekius.
754 4291 823 4356 Nec
857 4292 951 4357 valde
987 4293 1026 4355 ab
1063 4292 1125 4356 hoe
1160 4291 1319 4358 dissimile
1344 4297 1409 4361 est,

135 4397 274 4476 quadiu
299 4398 359 4462 λιι.
386 4400 425 4461 12
450 4395 569 4478 legitur
605 4397 699 4475 οἴμοι.
724 4399 766 4461 σὺ
802 4399 869 4476 μέν,
895 4399 921 4462 ut
945 4403 1012 4474 τᾶν.
1038 4401 1097 4476 τὴν
1124 4398 1205 4463 ὁδὸν
1227 4399 1342 4476 ταύτην
1363 4399 1406 4461 ἴθι

136 4499 289 4584 (Elmsl.).
314 4505 362 4570 Ci.
387 4505 427 4572 V.
456 4508 550 4569 1493.

179 4609 217 4673 Ε.
243 4614 306 4674 513
331 4614 431 4690 χορὸν
456 4611 555 4688 αἰτοίη
581 4611 649 4675 καθ’
672 4612 787 4677 ἑαυτόν
817 4613 969 4695 „sibimet
991 4612 1097 4693 ipset
