3328 5370
851 477 1025 540 „58-

349 641 381 724 θ)
403 640 461 708 Th.
486 645 545 709 951
573 644 607 708 ἐκ
629 649 698 730 τῶν,
728 647 822 726 ὡρῶν
853 647 895 725 εἰς
929 647 985 734 τὰς
1017 647 1105 725 ὥρας
1140 647 1410 726 ξυνεπευχόμενος
1439 649 1574 712 τοιαῦτα

303 745 405 824 μέλειν
428 746 500 829 θάμ’
524 751 636 834 ἑαυτῷ,
661 751 748 832 quod
770 752 905 818 Rossioe
928 752 1026 818 verbo
1050 757 1146 818 tenus
1177 752 1223 820 ita
1258 757 1379 819 vertas:
1408 771 1573 836 „aoruca

302 851 407 920 eroon
431 873 492 939 arry
515 874 654 935 uorame
677 877 909 940 nprxoquroos
933 859 1134 926 aanornrnoa
1151 857 1216 926 oon
1232 877 1337 926 arona
1355 878 1418 927 ora
1445 877 1574 936 oauoro

302 978 449 1042 sparena
472 981 513 1040 qo
536 967 709 1049 τψρταευς
734 967 756 1031 1.
780 985 807 1033 e.
831 967 996 1055 Ἡιιέιυττοθ.

343 1067 583 1136 literaturae
614 1071 879 1155 significationes.

348 1175 379 1259 l)
403 1177 498 1244 Haud
521 1197 597 1246 raro
620 1180 665 1258 εἰς
689 1198 761 1246 eum
786 1201 864 1248 nasu
890 1201 949 1249 suo
984 1182 1064 1248 illud
1100 1181 1272 1264 signifieat,
1307 1182 1402 1247 arias
1437 1182 1574 1248 ratione

300 1281 411 1348 tabita
433 1281 512 1367 („no
535 1287 732 1352 ornomenim
756 1307 800 1354 ra
825 1289 944 1374 norw)
969 1287 1092 1370 aliquid
1116 1286 1235 1371 agitur,
1252 1288 1392 1370 aliisque
1409 1289 1494 1356 loeis
1516 1286 1576 1352 ali-

299 1393 350 1454 ter
373 1393 564 1460 vertendum
589 1399 649 1462 est.
820 1472 824 1480 ,
1342 1382 1345 1388 ’

343 1497 376 1583 a)
400 1497 483 1564 Nom
500 1499 550 1568 his
567 1502 649 1569 loeis
665 1505 874 1571 verbotenus
893 1506 1069 1586 „respeotu
1088 1501 1227 1570 alieuius
1244 1501 1313 1568 rei“
1334 1503 1429 1569 reddi
1446 1508 1573 1587 potest:

344 1605 383 1674 V.
409 1611 471 1674 743
494 1612 719 1693 νενουθέτηκεν
743 1613 842 1680 αὑτὸν
865 1613 910 1691 εἰς
933 1613 972 1677 τὰ
994 1607 1153 1691 πράγμαθ’
1178 1609 1229 1689 οἷς
1254 1611 1450 1690 ἐπεραίνετο.

342 1713 379 1778 R.
406 1719 579 1783 719-720
602 1722 794 1787 πεπονθέναι
817 1719 935 1785 ταύτὸν
959 1719 1005 1797 εἴς
1041 1739 1076 1783 τε
1099 1722 1164 1783 τῶν
1185 1720 1324 1782 πολιτῶν
1346 1719 1423 1796 τοὺς
1447 1719 1571 1796 καλοὺς

298 1822 348 1885 καὶ
370 1823 445 1902 τοὺς
470 1824 596 1904 κακούς,
621 1825 666 1904 εἴς
688 1847 722 1890 τε
745 1826 899 1905 τάρχαῖον
923 1824 1063 1905 νόμισμα
1087 1825 1138 1889 καὶ
1160 1825 1197 1888 τὸ
1221 1824 1332 1889 καινὸν
1355 1825 1503 1903 χρυσίον.

340 1929 374 2015 b)
398 1929 585 2014 Sequuntur
608 1933 682 2015 loci,
708 1933 764 1998 ubi
789 1931 912 1998 locutio
936 1930 1227 2016 praepositionalis
1253 1930 1417 1997 adieetivo
1435 1932 1569 1998 additur

296 2037 336 2102 ad
359 2056 429 2104 eam
452 2057 522 2103 rem
546 2040 789 2124 designandam,
813 2039 847 2104 in
864 2059 928 2123 qua
943 2038 1100 2106 adieetivi
1119 2038 1211 2104 notio
1229 2044 1375 2120 apparet:
1394 2056 1460 2120 quo
1477 2039 1569 2104 addi·

294 2151 438 2212 tamento
462 2147 615 2216 adieetivi
640 2149 690 2215 vis
715 2149 954 2231 quodammodo
987 2147 1183 2229 astringitur
1219 2151 1318 2230 atque
1343 2147 1566 2213 constituitur.

338 2253 375 2316 V.
403 2257 482 2318 1101
510 2255 554 2334 εἰς
577 2254 692 2323 ἅπανθ’
717 2257 870 2336 εὑρήσετε
893 2257 969 2334 τοὺς
992 2255 1135 2333 τρόπους
1159 2256 1209 2319 καὶ
1231 2256 1289 2332 τὴν
1313 2255 1433 2320 δίαιταν
1449 2257 1566 2334 σφηξὶν

294 2359 562 2440 ἐμφερεστάτους.
600 2365 685 2428 1112
711 2363 757 2441 εἷς
781 2385 813 2428 τε
836 2365 894 2442 τήν
924 2362 1022 2441 ἄλλην
1057 2363 1177 2427 δίαιτάν
1206 2363 1302 2441 ἐσμεν
1338 2361 1567 2440 εὐπορώτατοι.

337 2467 395 2530 Αν.
423 2470 484 2533 156
508 2467 568 2533 οὐκ
591 2469 701 2550 ἄχαρις
725 2471 769 2548 εἰς
792 2472 850 2548 τὴν
872 2470 993 2550 τριβήν,
1029 2469 1116 2558 quod
1141 2469 1208 2534 sch.
1245 2470 1313 2534 ἀντὶ
1341 2473 1397 2534 τοῦ
1434 2469 1477 2547 εἰς
1511 2470 1568 2548 τήν

294 2575 454 2655 διατριβήν
478 2563 726 2659 interpretatur,
750 2576 848 2660 idque
874 2577 992 2660 ipsum,
1025 2578 1069 2657 εἰς
1105 2578 1275 2658 διατριβήν,
1310 2575 1565 2660 Aristophanem
1620 2573 1621 2580 ’

293 2681 485 2750 Meinekeue
510 2683 685 2766 scripsisse
710 2684 898 2767 suspicatur
922 2684 1034 2766 (Vind.
1058 2704 1089 2767 p.
1115 2687 1182 2767 85).

336 2789 394 2858 Th.
421 2793 482 2858 532
508 2793 618 2857 κάκιον
643 2792 688 2871 εἰς
712 2791 846 2862 ἅπαντα.

336 2898 374 2963 R.
398 2902 462 2964 468
487 2900 592 2977 δεινὸς
615 2899 659 2978 εἰς
681 2902 721 2965 τὰ
742 2900 856 2965 πάντα.
891 2902 975 2964 1024
1000 2899 1242 2980 ἀνδρειοτέρους
1267 2901 1311 2978 εἰς
1334 2901 1393 2965 τὸν
1417 2901 1565 2977 πόλεμον.

336 3006 385 3072 Pl.
411 3010 473 3073 209
499 3008 581 3087 ἀνὴρ
604 3009 883 3088 πρόθυμος-εἰς
905 3011 944 3074 τὰ
970 3010 1147 3088 πράγματα.
1175 3012 1238 3072 273
1273 3012 1422 3073 τοιοῦτον
1451 3007 1494 3084 εἰς
1529 3007 1566 3069 τὰ

291 3115 404 3180 πάντα.
430 3116 677 3196 493.χρήσιμον
701 3117 745 3194 εἰς
773 3114 858 3182 ἅπαν
877 3115 983 3194 ἔργον.

336 3223 719 3306 o)1umveuiamusad
747 3242 805 3290 eos
841 3223 945 3300 locos,
982 3223 1036 3287 ubi
1074 3221 1277 3305 praepositio
1314 3223 1475 3288 actionem
1510 3225 1566 3286 eut

293 3329 393 3394 verba
416 3330 558 3397 alieuius
582 3331 622 3396 ad
647 3331 789 3413 aliquem
815 3349 1009 3412 quacunque
1035 3349 1075 3395 er
1099 3334 1193 3410 parte
1209 3329 1376 3412 pertinere
1394 3328 1563 3412 significat.
1621 3339 1622 3342 ’

295 3437 366 3514 Quo
391 3443 499 3504 autem
525 3439 632 3504 animo
657 3440 690 3503 id
713 3443 830 3521 agatur
847 3438 898 3502 vel
914 3437 1053 3514 dicatur,
1079 3437 1163 3502 bono
1180 3457 1220 3501 an
1237 3435 1364 3502 intenso
1382 3459 1423 3503 an
1439 3442 1563 3513 neutro,

293 3547 345 3624 εἰς,
373 3552 407 3610 ut
429 3546 621 3612 Latinorum
648 3547 781 3624 in‚non
806 3545 1063 3627 indicaturque
1098 3565 1115 3609 e
1142 3544 1305 3610 sententia
1339 3544 1405 3610 looi
1430 3544 1562 3610 eruitur.

337 3655 371 3734 α)
395 3655 503 3736 Atque
528 3673 567 3718 ex
591 3653 699 3720 verbis
723 3652 841 3735 agendi
865 3654 909 3730 εἰς
933 3671 1128 3734 suspensum
1153 3651 1317 3717 invenitur
1342 3653 1375 3716 in

336 3759 385 3823 Pl.
410 3762 474 3824 899
498 3761 633 3839 ὑβρίζειν
657 3761 702 3838 εἰς
725 3761 790 3839 έμέ.

336 3867 390 3936 Fr.
416 3870 478 3932 249
504 3873 667 3947 παροινεῖς
691 3869 736 3947 εἰς
760 3870 822 3947 ἐμέ,
845 3867 900 3933 ubi
923 3867 1214 3952 praepositionem,
1239 3867 1381 3934 inlibris
1400 3868 1560 3938 omissam,

291 3981 383 4040 reete
407 3995 456 4042 νν.
482 3976 533 4041 dd.
559 3981 765 4043 revocarunt.
790 3973 851 4058 (Cf.
876 3975 1009 4044 Baehm.
1048 3993 1079 4056 p.
1110 3976 1196 4060 145).
1236 3977 1299 4040 692
1336 3977 1381 4054 εἰς
1415 3977 1503 4054 ἥρων
1537 3992 1560 4034 τι

291 4084 511 4164 παρήμαρτον.

338 4191 370 4275 β)
395 4191 505 4258 Verba
529 4191 670 4268 dicendi,
696 4209 714 4254 e
739 4191 858 4272 quibus
882 4191 1086 4274 praepositio
1115 4209 1189 4258 oum
1225 4208 1303 4256 casu
1344 4210 1404 4258 suo
1437 4189 1557 4274 pendet

292 4300 374 4365 haee
398 4304 485 4366 sunt:

337 4408 520 4472 ἀείδειν
544 4426 570 4471 s.
595 4409 643 4490 ᾄδ
657 4427 672 4470 ε
684 4427 724 4471 ιν
747 4406 816 4489 (ubi
841 4406 884 4484 εἰς
905 4407 962 4490 „ad
987 4405 1128 4474 alicuius
1146 4407 1322 4472 honorem“
1350 4407 1462 4473 multis
1484 4401 1558 4470 loeis

293 4513 385 4578 reddi
407 4512 542 4597 potest):
574 4499 612 4582 Ε.
640 4516 722 4578 1265
748 4519 829 4580 θοᾶν
850 4514 957 4578 ἵππων
981 4514 1137 4592 ἐλατῆρας
1162 4513 1275 4578 ἀείδειν
1299 4517 1397 4592 μηδὲν
1421 4516 1455 4592 ἐς
1471 4508 1556 4578 Λυσί·

293 4638 439 4700 στρατον,
465 4621 520 4690 ubi
544 4627 651 4690 tomen
677 4623 897 4705 corruptelam
914 4621 1018 4688 lutere
1035 4620 1183 4688 Kookius
1208 4621 1405 4704 suspicatur.

1620 3825 1622 3904 t
