3328 5370
770 519 945 580 ..pqm

255 679 304 781 e)
322 685 449 763 Quibus
461 685 560 752 rebus
575 683 908 766 expositisdeinoeps
922 683 1059 751 deserte
1073 682 1249 753 dicendum
1267 689 1329 749 est.
1339 683 1495 759 Nam.ubi

226 794 335 874 agitur
358 793 400 856 de
424 795 516 858 veste
541 790 780 873 similibusque,
797 790 831 854 ἐν
847 788 1050 871 praepositio
1068 790 1231 857 eiusmodi
1247 790 1371 856 nomini
1383 791 1500 856 ¹iuncta

226 896 391 981 siguificat
412 898 556 979 aliquem
581 915 620 961 ea
640 901 730 963 veste
755 897 903 962 indutum
928 897 980 961 vel
1004 915 1053 961 ea.
1067 915 1104 964 rs
1128 898 1323 964 instructum
1354 897 1511 980 osseos..

228 1004 472 1070 Hemsterhusii
495 1010 606 1069 annot.
619 1004 660 1067 ad
675 1002 807 1068 Plutum
831 1022 861 1085 p.
881 1008 899 1066 7
905 1003 969 1088 19).
987 1000 1022 1068 ln
1046 1004 1178 1069 eandem
1197 1004 1362 1070 rationem
1378 1005 1510 1071 eadunt.

227 1113 360 1178 uomina
390 1129 568 1190 armorum,
596 1110 713 1194 quibus
744 1111 818 1192 quis
850 1111 1043 1188 instructus,
1066 1117 1103 1178 et
1135 1111 1352 1192 vinculorum,
1375 1111 1495 1193 quibus

192 1290 195 1296 ,
228 1219 301 1302 quis
337 1219 543 1286 constrictus
559 1224 620 1283 est.
646 1217 758 1298 Neque
795 1213 893 1284 aliter
926 1217 1064 1284 Rossioe
1099 1218 1232 1284 dieitur:
1270 1237 1345 1284 uam
1375 1219 1497 1302 aliquis

226 1344 291 1406 „aa
326 1323 459 1398 mosum,
495 1343 537 1388 as
572 1324 757 1390 oeuoraxa“
795 1339 869 1390 esse
904 1322 1033 1399 dieitur,
1062 1341 1257 1407 quamquam
1299 1343 1363 1393 uon
1395 1330 1497 1403 totus,

229 1435 287 1502 sed
312 1441 410 1518 eaput
434 1435 506 1502 eius
530 1439 588 1502 aut
610 1435 709 1516 pedes
732 1439 860 1500 tentum
884 1453 925 1500 ea
948 1442 1037 1503 veste
1061 1425 1142 1503 teeti
1167 1441 1253 1507 suut.
1267 1436 1337 1501 Iam
1360 1433 1497 1502 aileran-

226 1548 282 1608 tur
298 1543 372 1618 looi,
390 1541 445 1606 ubi
461 1541 503 1605 de
523 1546 613 1606 veste
639 1546 672 1606 et
694 1540 795 1606 armis
819 1539 952 1614 dieitur.

273 1649 426 1729 ἐμβάςτ
452 1647 510 1714 Eo.
535 1654 576 1710 47
602 1647 811 1717 σπεύδουσαν
835 1648 869 1711 ἐν
891 1652 961 1726 ταῖς
985 1649 1010 1712 ἐ.
1379 1711 1392 1720 ..

272 1759 327 1822 θιύ
341 1777 360 1834 ρ
374 1761 432 1828 oi:
456 1756 494 1820 A.
521 1757 606 1818 1134
630 1755 665 1819 ἐν
687 1759 770 1838 τῷδε
794 1753 851 1834 (.-
866 1761 910 1837 τῷ
935 1753 1068 1836 θώρακι)
1094 1755 1197 1833 πρὸς·
1214 1755 1291 1831 τοὺς
1327 1753 1501 1832 πολεμίους

228 1868 421 1943 θωρήξομαι.
446 1861 537 1928 Haeo
561 1861 642 1926 dicit
664 1859 861 1926 Lamachus.
887 1861 991 1939 Quem
1015 1861 1161 1930 irrideus
1190 1860 1408 1942 Dioaeopolis‚
1426 1876 1501 1924 oum

228 1969 381 2053 sequenti
399 1987 503 2037 ¹mersu
527 1968 599 2035 eius
623 1967 723 2032 verbe
747 1967 781 2031 iu
804 1967 907 2032 risum
927 1967 1099 2050 deflectit,
1123 1969 1261 2033 eandem
1283 1966 1501 2049 praepositio·

227 2096 301 2142 uem
327 2076 392 2140 alia
416 2072 653 2158 significatione
677 2071 767 2152 ‹licit3
791 2074 831 2137 de
855 2092 919 2155 quo
944 2074 1018 2138 vide
1044 2075 1139 2140 infra.

271 2185 282 2247 ‘1
293 2184 421 2261 ματίδ
435 2205 444 2245 ι
457 2199 513 2245 ονε
538 2181 574 2244 L.
601 2185 664 2246 740
687 2180 770 2258 ἡμᾶς
794 2181 1016 2246 ἔλουσαν-ἑν
1035 2185 1139 2246 ταῖσιν
1162 2183 1182 2248 ἱ.

271 2291 468 2367 aporior:
492 2287 530 2354 N.
556 2289 618 2350 987
644 2288 678 2352 ἐν
700 2287 1098 2367 ἱματίοις·-ἐντετυλίχθαι.

273 2396 521 2474 κροκωτός,
558 2395 698 2472 μίτραι
723 2392 784 2472 Th.
810 2399 870 2462 941
898 2395 951 2460 ἵνα
974 2398 1015 2474 μὴ
1042 2394 1069 2463 ἦν
1093 2401 1269 2474 κροκωτοῖς
1304 2399 1355 2461 καὶ
1383 2396 1503 2474 μίτραις

227 2504 332 2580 γέρων
356 2502 436 2579 ἀνὴρ
460 2503 584 2577 γέλωτα
606 2503 736 2580 παρέχω
761 2505 828 2579 τοῖς
853 2503 988 2579 κόραξιν.

247 2608 403 2674 -ὅπλαι
429 2607 463 2671 L.
490 2610 552 2672 633
577 2606 904 2701 ἀγοράσω-ἐντοῖς
929 2608 959 2674 ὅ.
1075 2673 1078 2678 ,

274 2716 311 2779 R.
339 2716 422 2778 1532
449 2713 695 2791 ἀργαλέων-ἐν
721 2711 834 2791 ὅπλοις
856 2714 1010 2780 ξυνόδων.

274 2823 430 2899 πεύκηι
454 2819 493 2884 a.
520 2821 603 2882 1212
629 2818 700 2899 (qui
738 2837 853 2883 versus
891 2817 1061 2904 Euripidis
1101 2824 1164 2904 est.)
1188 2823 1224 2886 ἐν
1247 2821 1394 2886 πεύκαισι
1417 2823 1503 2902 πηδᾷ

233 2928 360 3011 „taedis
384 2928 601 2992 instruetus“.
988 3014 991 3020 Ι
1223 2991 1226 2998 ,

276 3051 320 3102 σι
335 3035 464 3111 otoo:
488 3032 527 3098 N.
554 3033 593 3094 10
618 3033 652 3096 ἐν
674 3033 768 3096 πέντε
792 3032 939 3110 σισύραις
971 3034 1290 3111 ἐγκεκορδυλημένος.

275 3160 298 3209 σ
312 3147 432 3207 κῶλα
446 3157 474 3218 ςε
490 3139 527 3202 L.
539 3142 604 3202 810
628 3139 794 3218 ἀβάτοισιν
808 3140 844 3204 ἐν
859 3141 1014 3207 σκώλοισι
1029 3144 1069 3206 τὰ
1081 3142 1242 3218 πρόσωπα
1256 3142 1503 3219 περιειργμένος.

274 3271 320 3327 τρ
334 3273 343 3313 ι
357 3254 374 3328 β
387 3250 414 3314 ώ
427 3269 445 3312 ν
458 3270 467 3312 ι
480 3268 499 3311 ο
511 3265 540 3312 νε
564 3246 613 3312 Pl.
638 3248 702 3310 845
727 3247 984 3324 ἐνεμυήθης--νέν
1009 3247 1095 3329 αὐτῷ
1110 3246 1167 3328 (z
1181 3252 1227 3329 τῷ
1254 3247 1434 3332 τριβωνίῳ).
1456 3243 1503 3312 cl.

230 3357 403 3436 Bamberg.
431 3356 527 3431 1885,
550 3373 582 3434 ρ.
608 3359 636 3418 5.

274 3463 424 3542 τρύχηι
449 3461 486 3526 Α.
511 3465 576 3528 419
599 3463 638 3526 τά
660 3466 739 3526 ποῖα
763 3461 873 3539 τρύχης
897 3463 965 3537 μῶν
989 3461 1024 3524 ἐν
1047 3459 1098 3537 οἷς
1123 3460 1463 3541 Οἰνεὺς-ἠγωνίζετω

274 3570 493 3648 φοινικίςε
518 3567 554 3634 L.
584 3570 669 3630 1140
694 3567 924 3632 καθέζετο-ἐν
946 3567 1104 3646 φοινικίδι.

275 3676 487 3755 φορβειάι
504 3673 538 3738 V.
565 3676 628 3739 882
654 3675 690 3739 ἐν
712 3678 849 3755 φορβειᾷ
872 3676 956 3739 τοῖσι
979 3678 1143 3751 δικασταῖς
1167 3673 1280 3742 ἔξοδον
1302 3675 1433 3754 ηὔλησε.

276 3783 507 3862 χιτώνιονι
531 3780 569 3844 L.
595 3784 657 3845 150
683 3778 737 3861 (εἰ)
763 3779 821 3843 κάν
844 3783 912 3856 τοῖς
935 3781 1184 3858 χ.-·παρίοιμεν.

276 3887 301 3970 ί)
326 3885 486 3951 Similiter
510 3885 543 3949 in
569 3884 680 3948 dativo
705 3883 942 3964 praepositioni
966 3886 1001 3950 ὲν
1025 3885 1135 3950 iuncto
1152 3886 1288 3967 ponitur
1302 3905 1342 3951 ea
1358 3906 1423 3964 res,
1441 3907 1505 3972 qua

232 3992 306 4075 quis
332 3991 531 4057 constrictus
557 3997 607 4055 est
629 3987 693 4076 (Ol.
718 3990 840 4072 Krueg.
865 3991 907 4054 ad
930 3989 1013 4054 Xen.
1039 3993 1099 4055 An.
1124 3991 1178 4073 IV,
1205 3997 1233 4072 3,
1259 3995 1289 4054 8;
1316 3995 1371 4073 ,,ἐν
1394 3997 1505 4075 πέδαις

231 4103 339 4177 δῆσαι,
363 4097 454 4163 nieht
479 4097 561 4162 ohne
587 4098 629 4172 ἔν,
655 4097 700 4162 ist
721 4097 796 4162 fest.
820 4097 952 4162 Lobeclr
975 4097 1139 4181 Paralipp.
1163 4119 1194 4181 p.
1221 4101 1332 4182 524⁸).

278 4206 464 4283 δεσμόςι
488 4203 546 4268 Th.
574 4205 657 4268 1032
683 4206 718 4269 ἐν
741 4209 875 4282 πυκναῖς
898 4210 926 4268 δ.
952 4206 1197 4286 ἐμπεπλεγμένη.

278 4306 408 4396 timulo
423 4329 480 4373 ov:
503 4310 562 4375 λυ.
589 4311 673 4374 1083
697 4311 867 4389 δεδεμένας
897 4311 931 4375 ἐν
954 4311 1078 4398 δικτύῳ.

278 4417 444 4496 κλίμαξι
468 4416 506 4480 R.
531 4419 595 4482 618
620 4416 655 4481 ἐν
678 4417 798 4496 κλίμακι
822 4418 934 4496 δήσας.

278 4525 325 4590 τι
341 4527 433 4590 lov:
457 4523 495 4588 Ε.
520 4527 582 4590 am
606 4525 645 4587 oe
668 4526 759 4607 αηηω
784 4518 813 4588 ἰ
835 4530 880 4607 ap
904 4525 996 4609 εύιῳ.
1022 4523 1095 4602 Hic,
1116 4529 1153 4588 ιιι
1169 4524 1203 4589 ιιι
1220 4528 1302 4589 ιοιο
1324 4531 1357 4590 α
1374 4525 1411 4592 N.
1432 4531 1505 4602 aea.

234 4631 448 4712 praepositio,
472 4631 504 4695 iu
530 4629 621 4695 libris
647 4632 780 4709 omissa,
805 4647 845 4694 ex
874 4631 1034 4696 communi
1064 4647 1155 4696 more
1179 4634 1354 4698 verborum
1380 4633 1518 4715 optimo.
