3298 5368
663 489 838 550 -zow
916 503 918 510 ·

151 654 215 720 Αν.
245 656 307 717 184
330 654 366 718 ἐκ
388 656 446 718 τοῦ
468 654 571 718 πόλου
595 652 712 718 τούτου
736 653 921 730 κεκλήσεται
943 652 1046 730 πόλις,
1070 652 1159 732 quod
1177 652 1275 724 Mein.
1291 651 1390 717 Viud.

111 777 141 838 p.
166 763 213 826 84
236 765 325 825 recte
348 761 385 826 ἐκ
406 763 463 824 τοῦ
499 759 602 824 πόλον
632 760 730 822 το9το
752 757 834 822 εἶναι
855 757 1104 838 iuterpretatur,
1129 759 1195 822 nisi
1219 759 1306 840 quod
1329 777 1390 841 pro

109 865 192 932 εἰναι
216 865 327 948 potius
350 865 487 931 dixerim
511 869 687 932 καλεῖσθαι.
712 868 777 930 627
801 866 830 929 ὦ
851 865 974 944 φίλτατ’
995 867 1145 944 ἐμοι-ἐξ
1169 867 1318 946 ἐχθίστου
1334 887 1389 946 με·

111 974 286 1039 ταπέτττων.
311 975 375 1036 799
399 974 432 1040 ἐξ
455 971 592 1049 οὐδενός
625 973 744 1050 μεγάλα
776 973 913 1049 πρόπει,
937 971 995 1036 ubi
1026 970 1218 1054 Blcpdcsiue
1242 978 1390 1038 eunoici:

113 1081 152 1158 „i
178 1098 210 1144 e.
234 1097 276 1144 ox
300 1099 349 1160 co,
375 1081 429 1162 qui
454 1079 561 1157 οὐδεὶς
586 1084 666 1144 erat.
691 1079 838 1161 Anglice,
863 1079 945 1143 from
970 1079 1069 1160 being
1092 1079 1232 1161 uobody.
1255 1079 1304 1146 Ab
1330 1098 1387 1146 uo-

120 1187 275 1251 minacivo
310 1187 425 1265 οὐδεὶς,
451 1186 579 1267 opinor,
603 1187 714 1267 potius
748 1203 845 1268 quom
880 1186 921 1248 cb
950 1187 1079 1252 οὐοέν“.
1103 1186 1214 1252 Recte:
1238 1203 1310 1252 nom
1336 1210 1390 1266 με·

118 1295 197 1370 γάλα
218 1295 347 1373 πράττει
370 1293 458 1358 idem
481 1293 548 1359 iere
573 1300 634 1369 est,
659 1311 698 1358 ac
722 1295 820 1372 μέγας
842 1295 956 1368 γέγονε
979 1294 1031 1358 vei
1060 1295 1139 1358 ἐστι’.

156 1399 197 1462 R.
222 1404 285 1464 304
323 1401 358 1465 ἐκ
390 1401 687 1479 κυμάτων-γαλῆν
721 1397 800 1477 ὁρῶ,
836 1397 1028 1466 notissimus
1065 1418 1180 1464 versus
1219 1399 1389 1482 Euripidis

116 1504 239 1586 (oresc
264 1508 355 1586 279),
371 1505 436 1572 nisi
456 1508 541 1588 quod
567 1506 652 1587 opud
674 1505 760 1572 huuc
783 1506 892 1583 γαλῆν
915 1505 1047 1588 legitur.
1073 1510 1151 1572 1011
1181 1509 1216 1572 ἐκ
1239 1513 1390 1588 χρηστῶν

115 1617 165 1678 καὶ
183 1614 340 1689 γενναίων
364 1614 545 1693 μοχθηροὺς
568 1609 680 1678 τούσδ’
705 1613 882 1690 ἀπέδειξας.

158 1721 211 1784 ur.
237 1721 302 1784 548
326 1720 613 1798 ἀλαβοστροθήκας
635 1722 720 1796 τρεῖς
744 1719 886 1798 ἔχουσαν
913 1721 948 1784 ἐκ
971 1724 1053 1798 μιᾶς.

158 1825 201 1892 IL
224 1827 274 1892 De
299 1830 439 1906 tempore
463 1825 551 1890 dicia
573 1824 774 1906 praepositio
812 1825 936 1904 duplici
959 1826 1087 1892 ratione
1112 1834 1390 1908 usurpaturzcut

117 1932 150 1996 id
174 1931 345 2016 significat,
370 1952 409 1996 ex
432 1950 496 2013 quo
522 1931 600 2013 quid
625 1932 793 1998 exordium
819 1932 907 2012 cepit
924 1931 1039 2014 (χοῦ)
1064 1933 1122 2014 (l),
1147 1938 1204 1996 aut
1219 1933 1382 1998 actionem

113 2039 180 2104 ulio
201 2040 293 2106 nullo
317 2038 488 2104 intervallo
514 2038 622 2118 excipi
648 2037 801 2119 designat
825 2040 916 2119 (γοα,
939 2055 985 2114 τα,
1011 2040 1154 2121 σοατ5“)
1180 2039 1193 2121 (
1215 2040 1240 2122 ).

161 2152 190 2214 1.
212 2146 245 2229 o)
271 2145 300 2212 si
322 2143 495 2222 terminus,
518 2161 623 2224 usquc
646 2145 687 2207 od
711 2139 807 2224 quem
832 2144 921 2209 actio
951 2143 1093 2222 duravit,
1118 2143 1297 2210 indicatur:

159 2253 215 2318 m.
242 2256 307 2317 950
333 2253 369 2316 έκ
390 2255 456 2316 τῶν
475 2251 570 2329 ὡρῶν
595 2251 639 2327 εἰς
661 2254 719 2327 τὰς
743 2251 831 2327 ὥρας
848 2251 1121 2330 ξυνεπευχόμενος
1136 2255 1268 2316 τοιαῦτα
1281 2253 1388 2328 μέλειν

117 2349 184 2438 θάμ’
210 2363 323 2442 ἑαυτῷ.

166 2467 198 2548 5)
222 2469 250 2534 si
274 2469 308 2532 id
332 2467 435 2532 solum
472 2473 657 2548 tempus‚a
693 2483 756 2546 quo
781 2465 868 2528 actio
894 2465 1063 2530 exordium
1089 2464 1185 2544 cepit,
1210 2465 1386 2530 iudicatum

122 2573 221 2640 Cuius
244 2593 325 2639 usus
348 2575 443 2655 longe
467 2573 611 2655 plurimo
636 2572 842 2654 exemplam
866 2573 966 2636 certis
992 2572 1185 2653 quibusdam
1210 2570 1390 2638 locucioni-

118 2678 392 2761 increpuimus,
417 2689 455 2747 ut

161 2789 204 2854 ἐξ
236 2789 347 2852 ὅτου
374 2807 434 2870 „cx
457 2790 561 2869 quo“:
581 2789 619 2850 Α.
647 2791 685 2852 17
711 2790 743 2853 ἐξ
768 2786 1059 2865 otoo-pompm.

160 2898 196 2964 N.
221 2902 285 2963 528
309 2901 341 2964 ἐξ
366 2896 594 2976 ὅτου-’ἄριστ’
620 2900 815 2976 ἠκουσάτην.

159 3008 217 3076 Αν.
241 3009 305 3070 322
330 3008 362 3071 ἐξ
385 3007 461 3070 ότου
491 3004 634 3084 ’τρόφηα

157 3115 197 3178 ἐξ
230 3115 338 3178 ὅτου
370 3130 461 3190 περι
486 3116 523 3176 Α.
551 3113 614 3176 596
639 3117 673 3176 ct
696 3114 758 3172 597
786 3113 819 3174 ἐξ
835 3109 914 3173 ὅτου
931 3131 990 3188 περ
1008 3109 1026 3172 ὁ
1042 3111 1182 3187 πόλεμος
1199 3108 1234 3192 (i.
1250 3109 1385 3188 ο.έστί).

158 3220 204 3284 Pl.
227 3223 269 3284 85
294 3221 326 3286 o
352 3219 430 3284 ὅτου
454 3240 513 3298 περ
542 3219 679 3293 ἐγένετο.

158 3327 197 3390 ἐξ
232 3325 294 3392 od:
318 3325 357 3390 A.
382 3330 446 3389 628
473 3327 505 3388 ἐξ
528 3324 758 3404 οὗ-χοροῑσιν
781 3324 971 3402 ἐφέστηκεν.

158 3431 193 3498 Ε.
219 3441 239 3496 4
263 3435 296 3499 ἐξ
320 3432 599 3510 υἷι-εἰσήρρησεν
638 3433 682 3510 εἰς
715 3434 773 3509 τὴν
812 3431 922 3494 οἰκίαν.
961 3433 1025 3492 644
1049 3432 1081 3493 ἐξ
1104 3427 1208 3492 osi-d
1246 3430 1388 3505 πόλεμος

118 3544 299 3619 κατερράγη.

158 3647 193 3712 V.
219 3651 282 3712 887
309 3647 547 3727 εὔνοί-έσμεν,
572 3648 603 3712 ἐξ
627 3647 666 3710 οὗ
688 3647 746 3711 τὸν
771 3651 872 3722 δῆμον
900 3644 1092 3726 ᾑσθήμεσθά
1115 3659 1177 3707 σου
1201 3645 1386 3719 φιλοῦντος.

157 3753 192 3821 L.
220 3757 281 3816 106
306 3755 337 3820 ἐξ
362 3753 529 3833 οὑ-ἡμόις
552 3752 742 3831 προῦδοσαν
756 3753 918 3829 Μιλήσιοι.
937 3753 998 3814 759
1015 3751 1047 3816 ἐξ
1067 3750 1105 3814 οὑ
1120 3751 1176 3813 τὸν
1193 3745 1269 3826 ὄφιν
1285 3748 1387 3814 εἶδον.

157 3863 198 3928 ἐξ
233 3860 319 3925 οὖπ
337 3879 391 3939 ερ;
416 3863 474 3924 Αν.
501 3863 586 3924 1515
611 3861 642 3924 ἐξ
666 3858 947 3940 οὗπερ-ᾠκίσατε
971 3858 1028 3920 τόν
1052 3857 1141 3932 ἀέρα.

157 3965 192 4032 L.
215 3970 280 4032 866
305 3969 337 4032 ἐξ
361 3966 462 4045 οὗπερ
487 3968 567 4045 αὕτη
587 3956 712 4043 ’ξῆλθεν
736 3965 771 4028 ὲκ
793 3969 851 4042 τῆς
875 3963 988 4040 οἰκίας.

158 4074 200 4138 ἐκ
234 4073 418 4136 τούτους
441 4072 481 4136 Ν.
507 4076 569 4137 533
593 4076 628 4137 ἐκ
652 4094 678 4138 τ.
706 4091 757 4148 μοι
779 4066 992 4134 πιστά-ἐσθ’
1018 4069 1122 4147 ὅρκια.

156 4182 199 4248 ἐξ
232 4181 376 4260 ἀρχῆς
402 4199 442 4261 „a
466 4181 650 4262 principio“
670 4180 730 4264 (o),
746 4180 795 4244 vel
823 4180 968 4258 „denuo“
990 4176 1118 4262 (β),ουί
1139 4193 1239 4258 coepe
1257 4174 1387 4240 additur

118 4289 207 4354 uodo
231 4288 290 4370 (γ),
317 4288 371 4354 vel
394 4288 484 4366 αὖθις
508 4289 520 4368 (
543 4289 563 4366 ).
1327 4290 1331 4299 ’

157 4395 192 4476 α)
215 4396 253 4460 Ρ.
279 4397 343 4458 780
365 4391 483 4481 (caut.)
505 4391 675 4458 σοὶ-τόδ’
712 4395 746 4462 ἐξ
781 4395 880 4472 ἀρχῆς
916 4395 1010 4472 μέλει,
1034 4390 1120 4472 quod
1146 4388 1330 4456 Brunckius
1354 4395 1389 4454 ct

119 4499 260 4570 Boihous
282 4519 456 4584 perperam
470 4504 730 4582 interpretantur
745 4500 826 4581 „cibi
849 4501 931 4566 haec
954 4499 992 4564 io
1009 4499 1252 4580 promiscuae
1277 4498 1386 4562 eund.

157 4607 195 4674 R.
219 4611 283 4674 592
308 4607 424 4691 (canc.)
447 4610 547 4687 ἥνπερ
572 4607 628 4691 (=
644 4611 704 4686 τὴν
726 4608 861 4692 στολὴν)
886 4607 967 4686 εἶχες
991 4606 1023 4672 ἐξ
1047 4605 1154 4684 ἀρχῆς.
