<?xml version="1.0" encoding="UTF-8"?>
<!DOCTYPE html PUBLIC "-//W3C//DTD XHTML 1.0 Transitional//EN"
    "http://www.w3.org/TR/xhtml1/DTD/xhtml1-transitional.dtd">
<html xmlns="http://www.w3.org/1999/xhtml" xml:lang="en" lang="en">
 <head>
  <title>
</title>
<meta http-equiv="Content-Type" content="text/html;charset=utf-8" />
  <meta name='ocr-system' content='tesseract 3.04.00' />
  <meta name='ocr-capabilities' content='ocr_page ocr_carea ocr_par ocr_line ocrx_word'/>
</head>
<body>
  <div class='ocr_page' id='page_1' title='image "./depraepositionu00sobogoog_0232.png"; bbox 0 0 3326 5372; ppageno 0'>
   <div class='ocr_carea' id='block_1_1' title="bbox 695 500 893 562">
    <p class='ocr_par' dir='ltr' id='par_1_1' title="bbox 695 500 893 562">
     <span class='ocr_line' id='line_1_1' title="bbox 695 500 893 562; baseline -0.01 0"><span class='ocrx_word' id='word_1_1' title='bbox 695 500 893 562; x_wconf 80' lang='lat'>-221-</span> 
     </span>
    </p>
   </div>
   <div class='ocr_carea' id='block_1_2' title="bbox 158 663 1441 1172">
    <p class='ocr_par' dir='ltr' id='par_1_2' title="bbox 158 663 1441 957">
     <span class='ocr_line' id='line_1_2' title="bbox 204 663 1439 750; baseline 0.002 -25"><span class='ocrx_word' id='word_1_2' title='bbox 204 663 240 726; x_wconf 82' lang='grc' dir='ltr'>Α.</span> <span class='ocrx_word' id='word_1_3' title='bbox 270 666 330 726; x_wconf 82' lang='grc'>139</span> <span class='ocrx_word' id='word_1_4' title='bbox 356 663 445 744; x_wconf 83' lang='grc' dir='ltr'>εἰμὴ</span> <span class='ocrx_word' id='word_1_5' title='bbox 471 667 617 744; x_wconf 88' lang='grc' dir='ltr'>κατένιψε</span> <span class='ocrx_word' id='word_1_6' title='bbox 640 665 720 745; x_wconf 88' lang='grc' dir='ltr'>χιόνι</span> <span class='ocrx_word' id='word_1_7' title='bbox 742 667 801 745; x_wconf 87' lang='grc' dir='ltr'>ιὴν</span> <span class='ocrx_word' id='word_1_8' title='bbox 826 667 955 750; x_wconf 78' lang='grc' dir='ltr'>Θρᾴκην</span> <span class='ocrx_word' id='word_1_9' title='bbox 980 663 1060 745; x_wconf 88' lang='grc' dir='ltr'>ὅλην</span> <span class='ocrx_word' id='word_1_10' title='bbox 1084 667 1135 731; x_wconf 90' lang='grc' dir='ltr'>καὶ</span> <span class='ocrx_word' id='word_1_11' title='bbox 1170 666 1247 743; x_wconf 85' lang='grc' dir='ltr'>τοὺς</span> <span class='ocrx_word' id='word_1_12' title='bbox 1270 665 1439 743; x_wconf 86' lang='grc' dir='ltr'>ποταμοὺς</span> 
     </span>
     <span class='ocr_line' id='line_1_3' title="bbox 158 765 1441 852; baseline 0.002 -20"><span class='ocrx_word' id='word_1_13' title='bbox 158 765 246 848; x_wconf 85' lang='grc' dir='ltr'>ἔπηξ’</span> <span class='ocrx_word' id='word_1_14' title='bbox 268 767 320 834; x_wconf 81' lang='grc' dir='ltr'>ὑπ’</span> <span class='ocrx_word' id='word_1_15' title='bbox 345 769 445 835; x_wconf 85' lang='grc' dir='ltr'>αὐτὸν</span> <span class='ocrx_word' id='word_1_16' title='bbox 468 771 524 834; x_wconf 88' lang='grc' dir='ltr'>τὸν</span> <span class='ocrx_word' id='word_1_17' title='bbox 547 771 674 852; x_wconf 86' lang='grc' dir='ltr'>χρόνον,</span> <span class='ocrx_word' id='word_1_18' title='bbox 700 770 748 835; x_wconf 83' lang='grc' dir='ltr'>ὅτ’</span> <span class='ocrx_word' id='word_1_19' title='bbox 772 771 880 836; x_wconf 87' lang='grc' dir='ltr'>ἐνθαδὶ</span> <span class='ocrx_word' id='word_1_20' title='bbox 903 767 1037 848; x_wconf 83' lang='grc' dir='ltr'>Θέογνις</span> <span class='ocrx_word' id='word_1_21' title='bbox 1061 771 1242 848; x_wconf 81' lang='grc' dir='ltr'>ἠγωνίζετο.</span> <span class='ocrx_word' id='word_1_22' title='bbox 1268 771 1354 833; x_wconf 86' lang='grc'><strong>1076</strong></span> <span class='ocrx_word' id='word_1_23' title='bbox 1373 771 1441 835; x_wconf 78' lang='lat' dir='ltr'>und</span> 
     </span>
     <span class='ocr_line' id='line_1_4' title="bbox 158 877 811 957; baseline 0.002 -18"><span class='ocrx_word' id='word_1_24' title='bbox 158 878 236 954; x_wconf 85' lang='grc' dir='ltr'>τοὺς</span> <span class='ocrx_word' id='word_1_25' title='bbox 258 877 441 956; x_wconf 83' lang='grc' dir='ltr'>Χόας-καὶ</span> <span class='ocrx_word' id='word_1_26' title='bbox 464 878 811 957; x_wconf 86' lang='grc' dir='ltr'>Χύτρους-ἐμβαλεῖν.</span> 
     </span>
    </p>

    <p class='ocr_par' dir='ltr' id='par_1_3' title="bbox 162 982 1441 1172">
     <span class='ocr_line' id='line_1_5' title="bbox 202 982 1441 1066; baseline -0.002 -19"><span class='ocrx_word' id='word_1_27' title='bbox 202 983 262 1048; x_wconf 89' lang='lat'><em>111.</em></span> <span class='ocrx_word' id='word_1_28' title='bbox 287 983 446 1066; x_wconf 82' lang='lat' dir='ltr'>Denique,</span> <span class='ocrx_word' id='word_1_29' title='bbox 472 984 576 1048; x_wconf 89' lang='lat' dir='ltr'>semel</span> <span class='ocrx_word' id='word_1_30' title='bbox 610 983 794 1050; x_wconf 83' lang='lat' dir='ltr'><strong>invenimus</strong></span> <span class='ocrx_word' id='word_1_31' title='bbox 830 982 1053 1048; x_wconf 82' lang='lat' dir='ltr'>adverbialcm</span> <span class='ocrx_word' id='word_1_32' title='bbox 1088 983 1289 1049; x_wconf 89' lang='lat' dir='ltr'>locutionem</span> <span class='ocrx_word' id='word_1_33' title='bbox 1313 983 1375 1048; x_wconf 82' lang='grc' dir='ltr'>ὑπό</span> <span class='ocrx_word' id='word_1_34' title='bbox 1398 997 1441 1048; x_wconf 65' lang='grc' dir='ltr'>τις·</span> 
     </span>
     <span class='ocr_line' id='line_1_6' title="bbox 162 1090 697 1172; baseline -0.004 -17"><span class='ocrx_word' id='word_1_35' title='bbox 162 1090 352 1172; x_wconf 84' lang='lat' dir='ltr'>,paululum</span> <span class='ocrx_word' id='word_1_36' title='bbox 360 1093 386 1154; x_wconf 70' lang='lat'>⁰.</span> <span class='ocrx_word' id='word_1_37' title='bbox 695 1101 697 1108; x_wconf 81' lang='grc'><strong>“</strong></span> 
     </span>
    </p>
   </div>
   <div class='ocr_carea' id='block_1_3' title="bbox 204 1197 832 1283">
    <p class='ocr_par' dir='ltr' id='par_1_4' title="bbox 204 1197 832 1283">
     <span class='ocr_line' id='line_1_7' title="bbox 204 1197 832 1283; baseline 0.008 -24"><span class='ocrx_word' id='word_1_38' title='bbox 204 1197 246 1261; x_wconf 87' lang='lat' dir='ltr'>V.</span> <span class='ocrx_word' id='word_1_39' title='bbox 274 1201 359 1263; x_wconf 84' lang='grc'><strong>1290</strong></span> <span class='ocrx_word' id='word_1_40' title='bbox 382 1201 446 1266; x_wconf 87' lang='grc' dir='ltr'>ὑπό</span> <span class='ocrx_word' id='word_1_41' title='bbox 468 1223 496 1265; x_wconf 92' lang='grc' dir='ltr'>τι</span> <span class='ocrx_word' id='word_1_42' title='bbox 519 1201 631 1281; x_wconf 88' lang='grc' dir='ltr'>μικρὸν</span> <span class='ocrx_word' id='word_1_43' title='bbox 655 1203 832 1283; x_wconf 74' lang='grc' dir='ltr'>ἐπιθήκισα.</span> 
     </span>
    </p>
   </div>
   <div class='ocr_carea' id='block_1_4' title="bbox 434 1498 1219 1606">
    <p class='ocr_par' dir='ltr' id='par_1_5' title="bbox 434 1498 1219 1606">
     <span class='ocr_line' id='line_1_8' title="bbox 434 1498 1219 1606; baseline -0.001 -39"><span class='ocrx_word' id='word_1_44' title='bbox 434 1498 472 1567; x_wconf 80' lang='grc'>0.</span> <span class='ocrx_word' id='word_1_45' title='bbox 508 1500 619 1577; x_wconf 82' lang='grc' dir='ltr'>Ὑπό,</span> <span class='ocrx_word' id='word_1_46' title='bbox 656 1519 684 1567; x_wconf 89' lang='grc' dir='ltr'>ο.</span> <span class='ocrx_word' id='word_1_47' title='bbox 721 1504 812 1568; x_wconf 86' lang='lat' dir='ltr'>dat.</span> <span class='ocrx_word' id='word_1_48' title='bbox 849 1503 1170 1578; x_wconf 89' lang='lat' dir='ltr'>coniunctum,</span> <span class='ocrx_word' id='word_1_49' title='bbox 1216 1597 1219 1606; x_wconf 68' lang='lat'>,</span> 
     </span>
    </p>
   </div>
   <div class='ocr_carea' id='block_1_5' title="bbox 160 1719 1447 3191">
    <p class='ocr_par' dir='ltr' id='par_1_6' title="bbox 160 1719 1444 2127">
     <span class='ocr_line' id='line_1_9' title="bbox 206 1719 1442 1807; baseline 0.002 -21"><span class='ocrx_word' id='word_1_50' title='bbox 206 1739 278 1786; x_wconf 87' lang='lat' dir='ltr'>eam</span> <span class='ocrx_word' id='word_1_51' title='bbox 302 1741 372 1786; x_wconf 89' lang='lat' dir='ltr'>rem</span> <span class='ocrx_word' id='word_1_52' title='bbox 397 1722 570 1807; x_wconf 76' lang='lat' dir='ltr'>significat,</span> <span class='ocrx_word' id='word_1_53' title='bbox 595 1722 655 1787; x_wconf 78' lang='lat' dir='ltr'>sub</span> <span class='ocrx_word' id='word_1_54' title='bbox 679 1741 744 1802; x_wconf 78' lang='lat' dir='ltr'>quo</span> <span class='ocrx_word' id='word_1_55' title='bbox 769 1725 893 1806; x_wconf 86' lang='lat' dir='ltr'>aliquid</span> <span class='ocrx_word' id='word_1_56' title='bbox 917 1729 1068 1790; x_wconf 83' lang='lat' dir='ltr'>versatur</span> <span class='ocrx_word' id='word_1_57' title='bbox 1103 1724 1155 1789; x_wconf 87' lang='lat' dir='ltr'>vel</span> <span class='ocrx_word' id='word_1_58' title='bbox 1183 1722 1221 1790; x_wconf 91' lang='lat' dir='ltr'>fit</span> <span class='ocrx_word' id='word_1_59' title='bbox 1241 1719 1442 1806; x_wconf 66' lang='lat' dir='ltr'>(,nons“&#39;cr</span> 
     </span>
     <span class='ocr_line' id='line_1_10' title="bbox 160 1827 1443 1912; baseline 0.004 -22"><span class='ocrx_word' id='word_1_60' title='bbox 160 1827 431 1908; x_wconf 84' lang='lat' dir='ltr'>praepositionali</span> <span class='ocrx_word' id='word_1_61' title='bbox 456 1831 561 1910; x_wconf 83' lang='lat' dir='ltr'>casu).</span> <span class='ocrx_word' id='word_1_62' title='bbox 586 1829 694 1895; x_wconf 78' lang='lat' dir='ltr'>Semel</span> <span class='ocrx_word' id='word_1_63' title='bbox 716 1829 787 1912; x_wconf 83' lang='lat' dir='ltr'>(Ec.</span> <span class='ocrx_word' id='word_1_64' title='bbox 813 1830 868 1911; x_wconf 85' lang='lat'>87)</span> <span class='ocrx_word' id='word_1_65' title='bbox 892 1829 1174 1912; x_wconf 77' lang='lat' dir='ltr'>praepositionem</span> <span class='ocrx_word' id='word_1_66' title='bbox 1211 1847 1251 1894; x_wconf 88' lang='lat' dir='ltr'>ea</span> <span class='ocrx_word' id='word_1_67' title='bbox 1283 1829 1315 1894; x_wconf 87' lang='lat' dir='ltr'>vi</span> <span class='ocrx_word' id='word_1_68' title='bbox 1350 1831 1443 1896; x_wconf 53' lang='grc' dir='ltr'>ἰιινιιί</span> 
     </span>
     <span class='ocr_line' id='line_1_11' title="bbox 160 1935 1444 2020; baseline 0.004 -23"><span class='ocrx_word' id='word_1_69' title='bbox 160 1935 270 2000; x_wconf 90' lang='lat' dir='ltr'>nimus</span> <span class='ocrx_word' id='word_1_70' title='bbox 295 1935 427 2017; x_wconf 87' lang='lat' dir='ltr'>dictam,</span> <span class='ocrx_word' id='word_1_71' title='bbox 451 1943 579 2002; x_wconf 89' lang='lat' dir='ltr'>utrem</span> <span class='ocrx_word' id='word_1_72' title='bbox 605 1938 801 2002; x_wconf 85' lang='lat' dir='ltr'>eminentem</span> <span class='ocrx_word' id='word_1_73' title='bbox 825 1938 959 2016; x_wconf 82' lang='lat' dir='ltr'>indicet,</span> <span class='ocrx_word' id='word_1_74' title='bbox 985 1938 1026 2001; x_wconf 88' lang='lat' dir='ltr'>ad</span> <span class='ocrx_word' id='word_1_75' title='bbox 1050 1937 1145 2002; x_wconf 90' lang='lat' dir='ltr'>cuius</span> <span class='ocrx_word' id='word_1_76' title='bbox 1169 1937 1298 2002; x_wconf 82' lang='lat' dir='ltr'>radices</span> <span class='ocrx_word' id='word_1_77' title='bbox 1315 1935 1444 2020; x_wconf 83' lang='lat' dir='ltr'>aliquid</span> 
     </span>
     <span class='ocr_line' id='line_1_12' title="bbox 161 2041 1102 2127; baseline 0.001 -20"><span class='ocrx_word' id='word_1_78' title='bbox 161 2041 262 2107; x_wconf 88' lang='lat' dir='ltr'>situm</span> <span class='ocrx_word' id='word_1_79' title='bbox 287 2043 347 2106; x_wconf 85' lang='lat' dir='ltr'>cst.</span> <span class='ocrx_word' id='word_1_80' title='bbox 370 2041 545 2122; x_wconf 87' lang='lat' dir='ltr'>(Similiter</span> <span class='ocrx_word' id='word_1_81' title='bbox 569 2062 629 2108; x_wconf 92' lang='lat' dir='ltr'>nos</span> <span class='ocrx_word' id='word_1_82' title='bbox 653 2043 792 2108; x_wconf 86' lang='lat' dir='ltr'>dicimus</span> <span class='ocrx_word' id='word_1_83' title='bbox 817 2062 927 2123; x_wconf 71' lang='lat' dir='ltr'>,nous</span> <span class='ocrx_word' id='word_1_84' title='bbox 951 2043 1102 2127; x_wconf 82' lang='lat' dir='ltr'>nopod“).</span> 
     </span>
    </p>

    <p class='ocr_par' dir='ltr' id='par_1_7' title="bbox 205 2147 888 2230">
     <span class='ocr_line' id='line_1_13' title="bbox 205 2147 888 2230; baseline 0.003 -19"><span class='ocrx_word' id='word_1_85' title='bbox 205 2147 248 2213; x_wconf 82' lang='lat' dir='ltr'>N.</span> <span class='ocrx_word' id='word_1_86' title='bbox 276 2151 359 2214; x_wconf 86' lang='grc'><strong>1005</strong></span> <span class='ocrx_word' id='word_1_87' title='bbox 384 2151 447 2214; x_wconf 85' lang='grc' dir='ltr'>ὑπὸ</span> <span class='ocrx_word' id='word_1_88' title='bbox 470 2154 539 2228; x_wconf 79' lang='grc' dir='ltr'>ταῖς</span> <span class='ocrx_word' id='word_1_89' title='bbox 563 2152 687 2230; x_wconf 84' lang='grc' dir='ltr'>μορίαις</span> <span class='ocrx_word' id='word_1_90' title='bbox 711 2152 888 2229; x_wconf 87' lang='grc' dir='ltr'>ἀποθρέξει.</span> 
     </span>
    </p>

    <p class='ocr_par' dir='ltr' id='par_1_8' title="bbox 162 2253 1446 2441">
     <span class='ocr_line' id='line_1_14' title="bbox 205 2253 1446 2337; baseline 0.005 -22"><span class='ocrx_word' id='word_1_91' title='bbox 205 2255 246 2324; x_wconf 84' lang='lat' dir='ltr'>V,</span> <span class='ocrx_word' id='word_1_92' title='bbox 274 2258 337 2319; x_wconf 90' lang='lat'>108</span> <span class='ocrx_word' id='word_1_93' title='bbox 360 2257 423 2321; x_wconf 86' lang='grc' dir='ltr'>ὑπὸ</span> <span class='ocrx_word' id='word_1_94' title='bbox 447 2262 515 2335; x_wconf 81' lang='grc' dir='ltr'>τοῖς</span> <span class='ocrx_word' id='word_1_95' title='bbox 538 2255 626 2324; x_wconf 82' lang='grc' dir='ltr'>ὄνυξι</span> <span class='ocrx_word' id='word_1_96' title='bbox 650 2260 751 2335; x_wconf 90' lang='grc' dir='ltr'>κηρὸν</span> <span class='ocrx_word' id='word_1_97' title='bbox 773 2259 1074 2337; x_wconf 86' lang='grc' dir='ltr'>ἀναπεπλασμένος.</span> <span class='ocrx_word' id='word_1_98' title='bbox 1112 2261 1175 2321; x_wconf 86' lang='grc'>386</span> <span class='ocrx_word' id='word_1_99' title='bbox 1200 2259 1299 2323; x_wconf 79' lang='grc' dir='ltr'>θεῖναί</span> <span class='ocrx_word' id='word_1_100' title='bbox 1322 2253 1352 2337; x_wconf 83' lang='grc' dir='ltr'>μ’</span> <span class='ocrx_word' id='word_1_101' title='bbox 1377 2257 1446 2322; x_wconf 83' lang='grc' dir='ltr'>0πο</span> 
     </span>
     <span class='ocr_line' id='line_1_15' title="bbox 162 2363 475 2441; baseline 0 -17"><span class='ocrx_word' id='word_1_102' title='bbox 162 2365 247 2426; x_wconf 87' lang='grc' dir='ltr'>τοῖσι</span> <span class='ocrx_word' id='word_1_103' title='bbox 271 2363 475 2441; x_wconf 84' lang='grc' dir='ltr'>δρυφάκτοις.</span> 
     </span>
    </p>

    <p class='ocr_par' dir='ltr' id='par_1_9' title="bbox 163 2469 1442 2656">
     <span class='ocr_line' id='line_1_16' title="bbox 206 2469 1442 2549; baseline 0.004 -18"><span class='ocrx_word' id='word_1_104' title='bbox 206 2469 265 2532; x_wconf 82' lang='grc' dir='ltr'>Αν.</span> <span class='ocrx_word' id='word_1_105' title='bbox 292 2472 355 2532; x_wconf 81' lang='grc'>616</span> <span class='ocrx_word' id='word_1_106' title='bbox 380 2469 443 2533; x_wconf 85' lang='grc' dir='ltr'>ὑπὸ</span> <span class='ocrx_word' id='word_1_107' title='bbox 467 2471 598 2549; x_wconf 88' lang='grc' dir='ltr'>θάμνοις</span> <span class='ocrx_word' id='word_1_108' title='bbox 622 2473 673 2533; x_wconf 88' lang='grc' dir='ltr'>καὶ</span> <span class='ocrx_word' id='word_1_109' title='bbox 695 2471 858 2548; x_wconf 85' lang='grc' dir='ltr'>πρινιδίοις</span> <span class='ocrx_word' id='word_1_110' title='bbox 883 2470 1089 2547; x_wconf 86' lang='grc' dir='ltr'>οἰκήσουσιν.</span> <span class='ocrx_word' id='word_1_111' title='bbox 1117 2473 1202 2536; x_wconf 88' lang='grc'><strong>1608</strong></span> <span class='ocrx_word' id='word_1_112' title='bbox 1226 2472 1289 2536; x_wconf 85' lang='grc' dir='ltr'>ὑπὸ</span> <span class='ocrx_word' id='word_1_113' title='bbox 1303 2475 1373 2549; x_wconf 88' lang='grc' dir='ltr'>ταῖς</span> <span class='ocrx_word' id='word_1_114' title='bbox 1390 2492 1442 2536; x_wconf 88' lang='grc' dir='ltr'>νε-</span> 
     </span>
     <span class='ocr_line' id='line_1_17' title="bbox 163 2575 588 2656; baseline 0.002 -17"><span class='ocrx_word' id='word_1_115' title='bbox 163 2577 312 2654; x_wconf 85' lang='grc' dir='ltr'>φέλαισιν</span> <span class='ocrx_word' id='word_1_116' title='bbox 335 2575 588 2656; x_wconf 79' lang='grc' dir='ltr'>ἐγκεκρυμμένοι.</span> 
     </span>
    </p>

    <p class='ocr_par' dir='ltr' id='par_1_10' title="bbox 164 2681 1447 2874">
     <span class='ocr_line' id='line_1_18' title="bbox 206 2681 1447 2768; baseline 0.001 -23"><span class='ocrx_word' id='word_1_117' title='bbox 206 2681 263 2745; x_wconf 84' lang='lat' dir='ltr'>Th.</span> <span class='ocrx_word' id='word_1_118' title='bbox 290 2683 353 2744; x_wconf 85' lang='lat'>529</span> <span class='ocrx_word' id='word_1_119' title='bbox 377 2683 440 2746; x_wconf 86' lang='grc' dir='ltr'>ὑπὸ</span> <span class='ocrx_word' id='word_1_120' title='bbox 464 2684 701 2768; x_wconf 76' lang='grc' dir='ltr'>λίθῳ-παντί</span> <span class='ocrx_word' id='word_1_121' title='bbox 732 2705 794 2747; x_wconf 90' lang='grc' dir='ltr'>που</span> <span class='ocrx_word' id='word_1_122' title='bbox 830 2686 888 2762; x_wconf 89' lang='grc' dir='ltr'>χρὴ</span> <span class='ocrx_word' id='word_1_123' title='bbox 926 2686 966 2763; x_wconf 88' lang='grc' dir='ltr'>μή</span> <span class='ocrx_word' id='word_1_124' title='bbox 992 2686 1071 2767; x_wconf 84' lang='grc' dir='ltr'>δάκῃ</span> <span class='ocrx_word' id='word_1_125' title='bbox 1098 2686 1204 2764; x_wconf 83' lang='grc' dir='ltr'>ῥήτωρ</span> <span class='ocrx_word' id='word_1_126' title='bbox 1230 2685 1347 2762; x_wconf 83' lang='grc' dir='ltr'>ἀθρεῖν.</span> <span class='ocrx_word' id='word_1_127' title='bbox 1374 2686 1447 2747; x_wconf 85' lang='lat'><strong>562·</strong></span> 
     </span>
     <span class='ocr_line' id='line_1_19' title="bbox 164 2789 634 2874; baseline -0.002 -22"><span class='ocrx_word' id='word_1_128' title='bbox 164 2789 226 2852; x_wconf 84' lang='grc' dir='ltr'>ὑπὸ</span> <span class='ocrx_word' id='word_1_129' title='bbox 249 2793 285 2870; x_wconf 82' lang='grc' dir='ltr'>τῇ</span> <span class='ocrx_word' id='word_1_130' title='bbox 310 2790 418 2874; x_wconf 84' lang='grc' dir='ltr'>πυέλῳ</span> <span class='ocrx_word' id='word_1_131' title='bbox 442 2792 634 2867; x_wconf 86' lang='grc' dir='ltr'>κατώρυξεν.</span> 
     </span>
    </p>

    <p class='ocr_par' dir='ltr' id='par_1_11' title="bbox 207 2895 936 2982">
     <span class='ocr_line' id='line_1_20' title="bbox 207 2895 936 2982; baseline 0.004 -24"><span class='ocrx_word' id='word_1_132' title='bbox 207 2895 265 2963; x_wconf 83' lang='lat' dir='ltr'>Ec.</span> <span class='ocrx_word' id='word_1_133' title='bbox 292 2896 333 2959; x_wconf 85' lang='grc'>87</span> <span class='ocrx_word' id='word_1_134' title='bbox 357 2901 546 2975; x_wconf 82' lang='grc' dir='ltr'>καταλαβεῖν</span> <span class='ocrx_word' id='word_1_135' title='bbox 571 2897 667 2974; x_wconf 83' lang='grc' dir='ltr'>ἕδρας</span> <span class='ocrx_word' id='word_1_136' title='bbox 691 2897 754 2961; x_wconf 83' lang='grc' dir='ltr'>ὑπὸ</span> <span class='ocrx_word' id='word_1_137' title='bbox 778 2903 822 2979; x_wconf 83' lang='grc' dir='ltr'>τῷ</span> <span class='ocrx_word' id='word_1_138' title='bbox 847 2897 936 2982; x_wconf 83' lang='grc' dir='ltr'>λίθῳ.</span> 
     </span>
    </p>

    <p class='ocr_par' dir='ltr' id='par_1_12' title="bbox 164 3001 1447 3191">
     <span class='ocr_line' id='line_1_21' title="bbox 207 3001 1447 3089; baseline 0.003 -25"><span class='ocrx_word' id='word_1_139' title='bbox 207 3001 258 3069; x_wconf 87' lang='lat' dir='ltr'>Fr.</span> <span class='ocrx_word' id='word_1_140' title='bbox 284 3007 338 3082; x_wconf 84' lang='lat'>44,</span> <span class='ocrx_word' id='word_1_141' title='bbox 363 3006 381 3064; x_wconf 84' lang='lat'><strong>2</strong></span> <span class='ocrx_word' id='word_1_142' title='bbox 404 3001 453 3068; x_wconf 86' lang='grc' dir='ltr'>δύ’</span> <span class='ocrx_word' id='word_1_143' title='bbox 477 3004 586 3082; x_wconf 88' lang='grc' dir='ltr'>ὀβολὼ</span> <span class='ocrx_word' id='word_1_144' title='bbox 611 3005 661 3068; x_wconf 89' lang='grc' dir='ltr'>καὶ</span> <span class='ocrx_word' id='word_1_145' title='bbox 684 3004 848 3083; x_wconf 89' lang='grc' dir='ltr'>σύμβολον</span> <span class='ocrx_word' id='word_1_146' title='bbox 868 3005 932 3069; x_wconf 83' lang='grc' dir='ltr'>ὑπὸ</span> <span class='ocrx_word' id='word_1_147' title='bbox 956 3011 1000 3088; x_wconf 83' lang='grc' dir='ltr'>τῷ</span> <span class='ocrx_word' id='word_1_148' title='bbox 1027 3003 1215 3089; x_wconf 62' lang='lat' dir='ltr'>’arctiorem</span> <span class='ocrx_word' id='word_1_149' title='bbox 1242 3004 1328 3085; x_wconf 89' lang='lat' dir='ltr'>quod</span> <span class='ocrx_word' id='word_1_150' title='bbox 1352 3003 1447 3068; x_wconf 61' lang='lat' dir='ltr'>unde*</span> 
     </span>
     <span class='ocr_line' id='line_1_22' title="bbox 164 3110 769 3191; baseline 0 -17"><span class='ocrx_word' id='word_1_151' title='bbox 164 3111 313 3191; x_wconf 76' lang='lat' dir='ltr'>pendeat</span> <span class='ocrx_word' id='word_1_152' title='bbox 339 3110 501 3175; x_wconf 91' lang='lat' dir='ltr'>incertum</span> <span class='ocrx_word' id='word_1_153' title='bbox 526 3118 587 3189; x_wconf 64' lang='grc' dir='ltr'>σου</span> <span class='ocrx_word' id='word_1_154' title='bbox 611 3131 641 3174; x_wconf 82' lang='grc' dir='ltr'>ν.</span> <span class='ocrx_word' id='word_1_155' title='bbox 666 3111 769 3175; x_wconf 87' lang='lat' dir='ltr'>Kock.</span> 
     </span>
    </p>
   </div>
   <div class='ocr_carea' id='block_1_6' title="bbox 713 3416 907 3484">
    <p class='ocr_par' dir='ltr' id='par_1_13' title="bbox 713 3416 907 3484">
     <span class='ocr_line' id='line_1_23' title="bbox 713 3416 907 3484; baseline 0.041 -9"><span class='ocrx_word' id='word_1_156' title='bbox 713 3419 737 3478; x_wconf 84' lang='lat' dir='ltr'>u</span> <span class='ocrx_word' id='word_1_157' title='bbox 770 3416 791 3477; x_wconf 78' lang='lat' dir='ltr'>i]</span> <span class='ocrx_word' id='word_1_158' title='bbox 818 3417 845 3479; x_wconf 88' lang='grc' dir='ltr'>Τ</span> <span class='ocrx_word' id='word_1_159' title='bbox 873 3420 907 3484; x_wconf 80' lang='grc' dir='ltr'>λ.</span> 
     </span>
    </p>
   </div>
   <div class='ocr_carea' id='block_1_7' title="bbox 210 3646 1441 3730">
    <p class='ocr_par' dir='ltr' id='par_1_14' title="bbox 210 3646 1441 3730">
     <span class='ocr_line' id='line_1_24' title="bbox 210 3646 1441 3730; baseline 0 -21"><span class='ocrx_word' id='word_1_160' title='bbox 210 3647 299 3710; x_wconf 89' lang='grc' dir='ltr'>Μετά</span> <span class='ocrx_word' id='word_1_161' title='bbox 314 3648 466 3727; x_wconf 84' lang='lat' dir='ltr'>genetivo</span> <span class='ocrx_word' id='word_1_162' title='bbox 483 3649 630 3730; x_wconf 78' lang='lat' dir='ltr'>iungitur</span> <span class='ocrx_word' id='word_1_163' title='bbox 648 3648 733 3729; x_wconf 89' lang='lat' dir='ltr'>apud</span> <span class='ocrx_word' id='word_1_164' title='bbox 752 3647 808 3711; x_wconf 83' lang='lat' dir='ltr'>Ar.</span> <span class='ocrx_word' id='word_1_165' title='bbox 826 3648 880 3722; x_wconf 82' lang='lat'>82,</span> <span class='ocrx_word' id='word_1_166' title='bbox 901 3646 1089 3711; x_wconf 86' lang='lat' dir='ltr'>accusativo</span> <span class='ocrx_word' id='word_1_167' title='bbox 1111 3649 1163 3726; x_wconf 86' lang='lat'>33,</span> <span class='ocrx_word' id='word_1_168' title='bbox 1181 3648 1289 3712; x_wconf 87' lang='lat' dir='ltr'>dativo</span> <span class='ocrx_word' id='word_1_169' title='bbox 1314 3648 1441 3712; x_wconf 73' lang='lat' dir='ltr'>discis</span> 
     </span>
    </p>
   </div>
   <div class='ocr_carea' id='block_1_8' title="bbox 421 3887 1187 3972">
    <p class='ocr_par' dir='ltr' id='par_1_15' title="bbox 421 3887 1187 3972">
     <span class='ocr_line' id='line_1_25' title="bbox 421 3887 1187 3972; baseline 0 -19"><span class='ocrx_word' id='word_1_170' title='bbox 421 3891 459 3956; x_wconf 86' lang='lat' dir='ltr'>A.</span> <span class='ocrx_word' id='word_1_171' title='bbox 495 3891 630 3970; x_wconf 81' lang='grc' dir='ltr'>Μετά,</span> <span class='ocrx_word' id='word_1_172' title='bbox 668 3907 695 3954; x_wconf 90' lang='lat' dir='ltr'>c.</span> <span class='ocrx_word' id='word_1_173' title='bbox 730 3907 824 3972; x_wconf 85' lang='lat' dir='ltr'>gen.</span> <span class='ocrx_word' id='word_1_174' title='bbox 864 3887 1187 3966; x_wconf 88' lang='lat' dir='ltr'>coniunctum,</span> 
     </span>
    </p>
   </div>
   <div class='ocr_carea' id='block_1_9' title="bbox 165 4069 1510 4694">
    <p class='ocr_par' dir='ltr' id='par_1_16' title="bbox 165 4069 1510 4694">
     <span class='ocr_line' id='line_1_26' title="bbox 210 4069 1441 4160; baseline -0.004 -19"><span class='ocrx_word' id='word_1_175' title='bbox 210 4075 474 4142; x_wconf 88' lang='lat' dir='ltr'>coniunctionem</span> <span class='ocrx_word' id='word_1_176' title='bbox 495 4095 714 4160; x_wconf 86' lang='lat' dir='ltr'>personarum</span> <span class='ocrx_word' id='word_1_177' title='bbox 749 4077 836 4140; x_wconf 81' lang='lat' dir='ltr'>inter</span> <span class='ocrx_word' id='word_1_178' title='bbox 873 4093 909 4140; x_wconf 92' lang='lat' dir='ltr'>se</span> <span class='ocrx_word' id='word_1_179' title='bbox 946 4075 997 4139; x_wconf 89' lang='lat' dir='ltr'>vel</span> <span class='ocrx_word' id='word_1_180' title='bbox 1035 4093 1109 4140; x_wconf 90' lang='lat' dir='ltr'>cum</span> <span class='ocrx_word' id='word_1_181' title='bbox 1144 4075 1242 4139; x_wconf 91' lang='lat' dir='ltr'>rebus</span> <span class='ocrx_word' id='word_1_182' title='bbox 1279 4069 1441 4155; x_wconf 73' lang='lat' dir='ltr'>significat</span> 
     </span>
     <span class='ocr_line' id='line_1_27' title="bbox 165 4181 1444 4266; baseline -0.002 -19"><span class='ocrx_word' id='word_1_183' title='bbox 165 4181 309 4262; x_wconf 84' lang='lat' dir='ltr'>(,cum“,</span> <span class='ocrx_word' id='word_1_184' title='bbox 334 4185 445 4266; x_wconf 77' lang='lat' dir='ltr'>,c·s“).</span> <span class='ocrx_word' id='word_1_185' title='bbox 469 4185 571 4262; x_wconf 86' lang='lat' dir='ltr'>idem,</span> <span class='ocrx_word' id='word_1_186' title='bbox 597 4191 758 4264; x_wconf 85' lang='lat' dir='ltr'>utsupra</span> <span class='ocrx_word' id='word_1_187' title='bbox 790 4181 939 4260; x_wconf 83' lang='lat' dir='ltr'>diximus,</span> <span class='ocrx_word' id='word_1_188' title='bbox 977 4183 1224 4264; x_wconf 86' lang='lat' dir='ltr'>praepositione</span> <span class='ocrx_word' id='word_1_189' title='bbox 1261 4183 1321 4247; x_wconf 85' lang='grc' dir='ltr'>σύν</span> <span class='ocrx_word' id='word_1_190' title='bbox 1356 4182 1444 4245; x_wconf 80' lang='lat' dir='ltr'>desi-</span> 
     </span>
     <span class='ocr_line' id='line_1_28' title="bbox 165 4287 1441 4373; baseline -0.002 -20"><span class='ocrx_word' id='word_1_191' title='bbox 165 4296 294 4371; x_wconf 77' lang='lat' dir='ltr'>gnatur,</span> <span class='ocrx_word' id='word_1_192' title='bbox 317 4309 382 4355; x_wconf 91' lang='lat' dir='ltr'>non</span> <span class='ocrx_word' id='word_1_193' title='bbox 405 4292 452 4354; x_wconf 87' lang='lat' dir='ltr'>ita</span> <span class='ocrx_word' id='word_1_194' title='bbox 475 4309 592 4373; x_wconf 84' lang='lat' dir='ltr'>magno</span> <span class='ocrx_word' id='word_1_195' title='bbox 618 4292 847 4358; x_wconf 85' lang='lat' dir='ltr'>intercedente</span> <span class='ocrx_word' id='word_1_196' title='bbox 875 4288 1077 4355; x_wconf 88' lang='lat' dir='ltr'>discrimine:</span> <span class='ocrx_word' id='word_1_197' title='bbox 1102 4307 1177 4354; x_wconf 84' lang='lat' dir='ltr'>nam</span> <span class='ocrx_word' id='word_1_198' title='bbox 1202 4289 1287 4370; x_wconf 89' lang='lat' dir='ltr'>quod</span> <span class='ocrx_word' id='word_1_199' title='bbox 1306 4287 1441 4351; x_wconf 91' lang='lat' dir='ltr'>Momm·</span> 
     </span>
     <span class='ocr_line' id='line_1_29' title="bbox 166 4395 1442 4482; baseline -0.003 -20"><span class='ocrx_word' id='word_1_200' title='bbox 166 4413 266 4462; x_wconf 88' lang='lat' dir='ltr'>senus</span> <span class='ocrx_word' id='word_1_201' title='bbox 290 4399 336 4478; x_wconf 88' lang='grc' dir='ltr'>(ρ.</span> <span class='ocrx_word' id='word_1_202' title='bbox 361 4399 416 4482; x_wconf 82' lang='grc'>55)</span> <span class='ocrx_word' id='word_1_203' title='bbox 442 4398 482 4464; x_wconf 92' lang='lat' dir='ltr'>de</span> <span class='ocrx_word' id='word_1_204' title='bbox 506 4398 693 4464; x_wconf 83' lang='lat' dir='ltr'>differentia</span> <span class='ocrx_word' id='word_1_205' title='bbox 717 4401 833 4464; x_wconf 87' lang='lat' dir='ltr'>harum</span> <span class='ocrx_word' id='word_1_206' title='bbox 869 4398 1107 4478; x_wconf 79' lang='lat' dir='ltr'>particularum</span> <span class='ocrx_word' id='word_1_207' title='bbox 1144 4396 1241 4478; x_wconf 90' lang='lat' dir='ltr'>apud</span> <span class='ocrx_word' id='word_1_208' title='bbox 1264 4395 1442 4460; x_wconf 89' lang='lat' dir='ltr'>Homerum</span> 
     </span>
     <span class='ocr_line' id='line_1_30' title="bbox 166 4502 1510 4588; baseline -0.006 -18"><span class='ocrx_word' id='word_1_209' title='bbox 166 4504 363 4580; x_wconf 82' lang='lat' dir='ltr'>observavit,</span> <span class='ocrx_word' id='word_1_210' title='bbox 387 4522 457 4569; x_wconf 91' lang='lat' dir='ltr'>rem</span> <span class='ocrx_word' id='word_1_211' title='bbox 482 4523 708 4588; x_wconf 74' lang='lat' dir='ltr'>personamus,</span> <span class='ocrx_word' id='word_1_212' title='bbox 733 4525 792 4588; x_wconf 88' lang='lat' dir='ltr'>per</span> <span class='ocrx_word' id='word_1_213' title='bbox 815 4503 878 4569; x_wconf 87' lang='grc' dir='ltr'>σύν</span> <span class='ocrx_word' id='word_1_214' title='bbox 902 4505 996 4570; x_wconf 85' lang='lat' dir='ltr'>alteri</span> <span class='ocrx_word' id='word_1_215' title='bbox 1021 4505 1173 4580; x_wconf 85' lang='lat' dir='ltr'>additam,</span> <span class='ocrx_word' id='word_1_216' title='bbox 1198 4502 1307 4568; x_wconf 86' lang='lat' dir='ltr'>rarius</span> <span class='ocrx_word' id='word_1_217' title='bbox 1331 4519 1442 4584; x_wconf 86' lang='lat' dir='ltr'>parem</span> <span class='ocrx_word' id='word_1_218' title='bbox 1503 4545 1510 4562; x_wconf 88' lang='lat'><strong><em>.</em></strong></span> 
     </span>
     <span class='ocr_line' id='line_1_31' title="bbox 166 4609 1443 4694; baseline -0.005 -15"><span class='ocrx_word' id='word_1_219' title='bbox 166 4617 223 4679; x_wconf 87' lang='lat' dir='ltr'>aut</span> <span class='ocrx_word' id='word_1_220' title='bbox 246 4609 369 4676; x_wconf 78' lang='lat' dir='ltr'>ambitu</span> <span class='ocrx_word' id='word_1_221' title='bbox 393 4629 573 4678; x_wconf 89' lang='lat' dir='ltr'>numerove</span> <span class='ocrx_word' id='word_1_222' title='bbox 597 4614 754 4678; x_wconf 85' lang='lat' dir='ltr'>maiorem</span> <span class='ocrx_word' id='word_1_223' title='bbox 782 4610 870 4694; x_wconf 82' lang='lat' dir='ltr'>fingi,</span> <span class='ocrx_word' id='word_1_224' title='bbox 897 4613 930 4681; x_wconf 91' lang='lat' dir='ltr'>id</span> <span class='ocrx_word' id='word_1_225' title='bbox 953 4614 1040 4694; x_wconf 87' lang='lat' dir='ltr'>quod</span> <span class='ocrx_word' id='word_1_226' title='bbox 1072 4611 1156 4694; x_wconf 91' lang='lat' dir='ltr'>apud</span> <span class='ocrx_word' id='word_1_227' title='bbox 1190 4611 1265 4690; x_wconf 90' lang='grc' dir='ltr'>μετά</span> <span class='ocrx_word' id='word_1_228' title='bbox 1303 4627 1364 4674; x_wconf 91' lang='lat' dir='ltr'>usu</span> <span class='ocrx_word' id='word_1_229' title='bbox 1389 4627 1443 4673; x_wconf 89' lang='lat' dir='ltr'>ve·</span> 
     </span>
    </p>
   </div>
   <div class='ocr_carea' id='block_1_10' title="bbox 0 0 1681 5372">
    <p class='ocr_par' dir='ltr' id='par_1_17' title="bbox 0 0 1681 5372">
     <span class='ocr_line' id='line_1_32' title="bbox 0 0 1681 5372; baseline 0 0"><span class='ocrx_word' id='word_1_230' title='bbox 0 0 1681 5372; x_wconf 95' lang='lat' dir='ltr'> </span> 
     </span>
    </p>
   </div>
  </div>
 </body>
</html>
