3328 5370
640 501 818 561 ...65-

654 801 677 863 .1
705 801 732 862 Ν
758 802 795 868 λ.

114 996 164 1063 De
194 999 329 1079 sororia.
360 1002 470 1066 Attiou
504 999 609 1078 forma
644 1001 705 1066 ἀνά
742 1002 797 1065 Ar.
833 1002 948 1076 utitur,
984 1003 1170 1084 ubicunque
1202 1017 1359 1083 personas

76 1106 182 1170 Attice
207 1107 394 1189 loquentes
418 1107 506 1188 iacit
530 1109 653 1173 Dorica
685 1108 724 1172 ἄν
757 1112 903 1185 utuntur,
939 1109 996 1190 qui
1031 1109 1151 1173 Dorice
1186 1110 1357 1190 loquentes

79 1213 293 1282 inducuntur:
318 1215 417 1280 homo
443 1216 643 1297 Megarensis
678 1216 711 1280 in
737 1217 773 1280 Α.
801 1219 861 1278 796
898 1219 930 1280 et
965 1233 1084 1297 praeco
1119 1197 1300 1298 Spartanus
1326 1217 1357 1280 in

79 1317 112 1383 1.
139 1319 233 1382 1002.
686 1343 688 1346 ·
1312 1406 1316 1421 ι

119 1421 166 1487 De
188 1446 274 1489 uso.
304 1427 352 1491 Ab
375 1427 499 1492 usitato
526 1429 707 1491 Atticorum
734 1445 884 1492 sermone
910 1428 972 1492 ἀνά
1006 1429 1149 1495 alienum
1185 1431 1288 1496 luisse
1312 1431 1359 1493 vi-

79 1532 176 1609 tletur;
203 1551 317 1614 quara
342 1535 381 1597 ab
405 1537 473 1614 An,
497 1533 561 1599 nisi
595 1535 626 1598 in
662 1535 790 1599 melicis
824 1533 975 1616 partibus
1007 1542 1064 1600 aut
1098 1538 1255 1618 parodiis,
1294 1555 1357 1604 nou

77 1645 272 1721 usurpatur.
302 1642 473 1707 Invenitur
497 1649 604 1708 autern
626 1643 676 1707 bis
700 1643 735 1707 in
760 1643 863 1706 imeri:
888 1643 925 1706 V.
954 1646 1017 1708 784
1050 1645 1111 1709 ἀνά
1139 1648 1188 1709 τοί
1223 1667 1259 1724 με
1294 1649 1358 1711 πεί-

76 1751 135 1822 θεις
160 1751 196 1810 et
220 1747 265 1810 R.
297 1751 382 1811 1100
408 1749 468 1814 ἀνὰ
499 1747 527 1812 δ’
563 1749 699 1826 ἔρεσθον
729 1745 831 1836 (quod
864 1768 882 1810 a
916 1750 1056 1832 Bergkio
1092 1771 1131 1815 ex
1167 1753 1360 1830 ἀναδέρετον

77 1851 225 1918 codicum
253 1855 450 1920 restitutum
476 1858 551 1933 est);
579 1856 699 1920 ceteris
722 1857 817 1933 Ionia.
842 1856 897 1936 qui
923 1858 1053 1921 omnino
1081 1861 1100 1920 8
1121 1859 1206 1922 velll
1224 1878 1358 1924 numero

77 1965 159 2035 suut,
185 1961 399 2043 praepositio
424 1968 486 2039 est,
511 1964 700 2026 accusativo
733 1963 853 2026 innota.

117 2064 144 2127 1.
182 2065 312 2130 Loculi
335 2085 434 2132 sensu
468 2067 593 2147 duplici
616 2070 744 2133 ratione
767 2073 957 2150 usurpatur.

123 2172 157 2253 1)
181 2171 395 2238 Primitivam
421 2173 485 2236 vim
515 2175 690 2256 „(suroum)
715 2176 752 2236 la
775 2174 925 2250 aliquem
955 2177 1049 2254 „uo“‚
1075 2195 1171 2256 quam
1189 2178 1275 2257 apud
1293 2177 1359 2240 Hr-

80 2295 206 2342 merum
236 2280 425 2344 invenimus
449 2282 612 2363 (velutin
636 2281 697 2348 od.
724 2285 776 2358 22,
804 2289 863 2344 116
890 2283 967 2346 κίον’
991 2279 1038 2346 ἀν’
1070 2283 1197 2361 ὑψηλὴν
1221 2285 1357 2363 ἐρύσαι),

79 2381 174 2447 habet
198 2385 370 2466 particula
394 2387 428 2450 in
453 2405 604 2452 sermone
629 2387 771 2452 hominis
795 2387 999 2476 Megarensis

124 2492 160 2554 Α.
189 2497 259 2555 796
285 2493 324 2556 ἂν
356 2495 413 2557 τὸν
449 2494 564 2558 ὀδελὸν
596 2497 852 2574 ἀμπεπαρμένον,
888 2496 944 2560 ubi
980 2496 1110 2560 codices
1144 2493 1292 2562 nonnulli
1327 2498 1361 2574 ἐς

83 2599 254 2675 praebent,
282 2601 367 2681 quod
395 2600 524 2666 videtur
548 2603 874 2682 interpretamentum
901 2602 1098 2668 esseillius.
1136 2603 1183 2668 Cf.
1210 2603 1359 2686 Blaydes.

84 2704 175 2768 adh.
202 2707 225 2771 l.

122 2811 155 2892 2)
179 2811 325 2894 Saepius
349 2811 484 2887 indicat,
510 2814 634 2894 aliquid
652 2815 784 2878 moveri
808 2817 860 2879 vel
897 2817 1069 2898 pervagari
1103 2817 1156 2881 vel
1190 2815 1261 2882 fieri
1298 2837 1359 2895 per

84 2913 214 2996 aliquod
241 2919 463 3000 spatiumne,
490 2926 526 2982 ut
550 2921 594 2984 sit
619 2921 768 2987 omnibus
793 2923 875 2986 loris
910 2940 949 2986 ao
981 2941 1042 3004 per
1074 2927 1181 2988 totum
1217 2924 1356 3003 spatium

85 3025 268 3101 aequaliter
293 3022 492 3090 diffundatur
518 3025 644 3108 (,‚uo“).
671 3025 772 3090 Plane
797 3028 909 3092 eodem
937 3044 1036 3094 seusu
1061 3028 1094 3092 in
1131 3027 1253 3093 usitato
1292 3048 1359 3094 ser·

85 3143 178 3192 mone
204 3130 309 3196 Attici
335 3133 413 3196 κατά
437 3138 608 3212 usurpant:
633 3150 693 3196 neo
717 3134 802 3196 enim
828 3133 992 3198 assentior
1017 3133 1055 3197 G.
1080 3133 1279 3212 Hermanno.
1303 3138 1357 3217 qui

85 3233 167 3298 iuter
192 3236 252 3302 lias
278 3238 542 3319 praepositiones
565 3239 626 3303 hoo
650 3240 812 3304 iuteresse
837 3245 930 3320 putat
951 3240 1088 3323 (Opust.
1113 3261 1142 3305 ν.
1169 3246 1198 3311 5.
1234 3262 1266 3325 p.
1291 3246 1357 3321 4llz

88 3343 160 3420 „qui
185 3339 248 3409 ἀνὰ
272 3345 353 3409 ἄστυ
379 3351 466 3421 eunt,
491 3351 583 3410 recta
605 3345 740 3412 tendere
764 3365 823 3426 per
847 3345 960 3411 urbem
996 3347 1159 3425 dicuntum
1191 3351 1247 3428 qui
1281 3354 1359 3418 κατὰ

87 3444 174 3527 ἄστυ,
200 3452 290 3514 ultro
317 3453 499 3532 citroqne“.

126 3555 186 3617 Αν.
215 3559 300 3620 1265
324 3557 491 3634 ἱερόθυτον
515 3559 576 3624 ἀνὰ
600 3560 919 3636 δάπεδον-πέμπειν
942 3558 1075 3625 καπνόν.

126 3659 165 3723 L.
193 3663 277 3726 1002
303 3661 343 3726 ἂν
366 3666 427 3740 γὰρ
449 3667 508 3728 τάν
530 3663 623 3730 πόλιν
647 3665 728 3747 ᾇπερ
752 3667 1022 3745 λυχνοφορίοντες
1046 3666 1303 3746 ὑποκεκύφαμες.

128 3765 167 3832 R.
195 3772 257 3834 326
282 3768 368 3834 τόνδ’
394 3771 455 3835 ἀνὰ
479 3776 616 3850 λειμῶνα
640 3773 819 3851 χορεύσων.
845 3777 906 3835 441
935 3773 1198 3852 χωρεῖτε-ἱερὸν
1222 3775 1283 3841 ἀνὰ
1306 3776 1358 3840 κύ-

89 3875 162 3940 κλον
187 3881 271 3954 θεᾶς,
297 3877 487 3955 ἀνθοφόρον
510 3877 558 3943 ἀν’
581 3879 694 3956 ἄλσος.

128 3980 171 4044 ΙΙ.
196 3983 334 4048 Tralata
360 4002 469 4058 sensu,
495 3991 532 4048 ut
556 3987 644 4059 κατά,
670 3985 794 4066 aliquid
819 3984 919 4048 alicui
951 3986 1000 4052 rei
1037 3986 1263 4052 convenienter
1286 3985 1355 4052 lieri

90 4084 248 4167 significat
272 4090 360 4172 (5110,
386 4091 571 4168 oooopaeno
596 4091 684 4174 cul).

130 4195 188 4258 Αν.
205 4201 299 4262 uolo
323 4195 516 4260 πόδα-ἀνὰ
539 4195 656 4262 κύκλον
678 4200 814 4274 κυκλεῖς,
831 4197 859 4276 i.
885 4215 913 4260 e.
938 4197 971 4262 in
1008 4197 1130 4277 orbem,
1165 4203 1202 4263 ut
1237 4196 1356 4264 claudi.

130 4300 168 4368 R.
193 4307 276 4371 1327
301 4307 363 4369 ἀνὰ
385 4306 421 4369 τὸ
446 4306 715 4384 δωδεκαμήχανον
741 4306 885 4384 Κυρήνης
917 4312 1097 4385 μελοποιῶν
1132 4308 1210 4389 „qui
1238 4306 1357 4372 duode-

26 4466 27 4483 .
94 4405 150 4471 oim
173 4411 293 4496 figuras
318 4411 463 4494 (lyrense
488 4411 619 4476 imitans
644 4411 855 4492 modularis“‚
884 4413 939 4478 ubi
970 4413 1188 4478 Fritzsoheus:
1216 4413 1354 4494 „Nostro

26 4501 27 4508 ἵ
92 4509 171 4596 loco,
191 4519 308 4608 iuquit,
334 4521 389 4584 Ar.
413 4537 473 4602 pro
498 4518 558 4584 ανά
584 4519 655 4584 siue
675 4519 773 4586 dubio
809 4519 999 4604 scripsisset
1032 4522 1110 4586 κατὰ
1145 4522 1182 4584 τὸ
1216 4527 1255 4600 δ.,
1291 4520 1354 4586 uisi

94 4624 239 4696 porodiae
265 4642 365 4690 eausa
386 4625 469 4706 ipsis
493 4624 602 4690 verbis
626 4625 674 4689 uti
701 4627 875 4694 maluisset
897 4625 1098 4707 Euripidis“.

1231 4737 1248 4794 5
