3326 5372
731 429 927 494 *225-

250 594 343 682 3)1n
367 596 418 662 iris
442 595 602 675 omnibus,
626 614 708 679 quos
732 595 837 663 adhue
861 597 1086 676 tractavimus,
1121 599 1204 665 locis
1229 601 1305 679 μετά
1340 617 1367 665 o.
1403 619 1475 682 gen.

204 705 246 770 ad
271 705 454 770 subiectum
490 704 701 783 referebatur,
735 710 774 772 nt
807 704 893 772 alius
927 707 1042 774 eodem
1079 705 1163 789 loeo,
1198 727 1261 791 qno
1285 706 1377 782 iilud,
1403 723 1474 772 ver·-

205 809 271 874 aari
295 809 347 876 vel
371 811 468 890 idem,
493 813 580 894 quod
604 810 695 895 illud,
719 811 825 878 faeere
850 811 1017 878 diceretur
1041 818 1139 896 atqua
1163 815 1240 893 μετά
1265 829 1291 881 c.
1316 831 1389 896 gen.
1408 812 1474 878 iere

204 935 268 984 non
292 916 438 984 differret
459 939 479 984 a
501 921 551 986 καί
576 938 603 986 e.
629 919 832 987 nominativo
856 919 980 1003 (dativo
999 922 1032 985 in
1056 920 1092 985 L.
1109 922 1200 1005 479).
1218 921 1286 986 Iam
1305 921 1474 987 veniamus

204 1027 246 1091 ad
268 1044 326 1094 eos
350 1029 450 1106 iocos,
476 1029 532 1094 ubi
556 1030 632 1108 μετά
656 1049 684 1094 c.
708 1047 779 1111 gen.
805 1029 846 1094 nd
869 1029 1025 1096 obtentum
1047 1032 1220 1112 pertineat,
1251 1031 1341 1097 aliud
1367 1031 1398 1095 ei
1422 1031 1477 1096 ad·

203 1133 283 1201 deus
307 1124 480 1212 obiectum,
505 1141 543 1202 ut
565 1138 680 1204 eodem
715 1136 782 1203 tere
817 1155 917 1204 sensu
954 1139 1004 1203 καί
1039 1157 1112 1204 enm
1152 1157 1230 1206 easn
1255 1140 1386 1222 obliquo
1410 1141 1474 1205 diei

203 1243 320 1324 possit.

247 1351 280 1436 a)
306 1350 413 1436 Sino:
437 1351 475 1418 N.
502 1347 583 1418 ‘1451
618 1354 757 1420 ueneror
789 1354 937 1433 ἐμβαλεῖν
973 1353 1017 1433 εἰς
1051 1355 1089 1418 τὸ
1126 1355 1291 1434 βάραθρον
1307 1357 1385 1433 μετὰ
1408 1359 1476 1420 Σω-

203 1463 350 1540 κράτους.

246 1567 284 1632 V.
311 1571 397 1634 root
420 1568 509 1646 ἄγων
532 1565 597 1649 μετ’
621 1569 760 1648 ἐμαυτοῦ
784 1568 865 1650 (σε).

247 1678 305 1741 Αν.
332 1680 395 1744 658
419 1677 554 1756 τούτους
578 1675 667 1754 ἄγων
691 1678 768 1755 μετὰ
784 1679 866 1742 Ισοῦ.

246 1781 286 1847 R.
313 1781 396 1848 161'3
419 1783 615 1862 ξυμποοίσας
635 1780 780 1864 (αὐτοὺς)
802 1781 867 1861 μετ’
888 1778 1101 1861 Ἀδειμάντου.

248 1887 306 1954 Ee.
333 1894 419 1956 1138
443 1889 530 1966 ἄγειν
553 1905 592 1954 σε
615 1892 666 1954 καὶ
688 1890 781 1954 τασδί
805 1890 882 1967 μετὰ
905 1891 968 1953 σοῦ
991 1890 1049 1966 τὰς
1072 1887 1231 1968 μείρακας.

246 1997 280 2081 b)
306 1995 412 2062 Plura
436 1996 473 2060 V.
507 1999 591 2061 1247
628 1996 819 2078 Κλειταγόρᾳ
852 2016 886 2061 τε
920 1995 1014 2074 κάμοί
1048 1998 1126 2074 μετὰ
1164 1997 1332 2060 Θετταλῶν
1366 1996 1476 2076 (scolii

202 2103 360 2186 initium).

246 2213 289 2280 11.
315 2212 419 2278 Multo
443 2210 552 2278 rarius
577 2211 653 2292 μετά
675 2209 774 2276 rotata
806 2211 1027 2291 consociatur,
1063 2209 1150 2292 quod
1184 2209 1232 2275 ita
1266 2208 1312 2292 fit,
1348 2216 1385 2274 nt
1419 2216 1476 2276 aut

201 2337 363 2404 personae
387 2338 440 2385 res
464 2319 603 2386 addatur
626 2319 688 2402 (1),
719 2323 778 2384 ant
800 2318 858 2383 alii
881 2317 930 2384 rei
955 2317 1013 2402 (2).
1048 2317 1086 2383 In
1110 2322 1251 2400 utroque
1273 2334 1393 2399 genere
1418 2319 1475 2384 ad·

200 2429 269 2494 dita
293 2447 347 2494 ras
370 2426 441 2510 pari
465 2431 524 2492 aut
545 2426 670 2492 leviore
693 2429 859 2492 momento
882 2423 1016 2507 tingitur
1038 2441 1122 2490 esse.

249 2534 281 2618 1)
305 2533 339 2616 a)
362 2533 509 2599 Persona
534 2552 607 2598 eum
631 2552 668 2598 re
691 2531 801 2616 aliqua
824 2550 889 2601 una
913 2535 1075 2600 versatur:

246 2641 286 2705 Ε.
313 2645 353 2704 11
359 2647 373 2706 l
401 2641 524 2725 (anap.)
548 2641 925 2721 κατακνησθείην-μετὰ
948 2645 1058 2720 τυροῦ.

244 2747 281 2829 b)
304 2748 454 2816 Persona
476 2747 587 2830 aliqua
610 2765 646 2811 re
670 2747 833 2813 instructa
856 2753 917 2828 est,
943 2748 1028 2830 qnod
1053 2749 1108 2811 Αν.
1132 2746 1256 2829 aliique
1287 2745 1477 2828 participiis

202 2855 293 2935 ἔχων,
318 2856 430 2934 φέρων
453 2854 528 2920 aliis
552 2854 737 2936 exprimere
760 2854 878 2920 solent.

245 2961 284 3026 V.
310 2966 374 3027 349
398 2961 521 3046 (anap.)
544 2964 621 3041 μετὰ
643 2962 782 3042 χοιρίνης
807 2965 990 3040 περιελθεῖν,
1025 2961 1082 3027 nbi
1117 2962 1312 3029 insolentior
1350 2961 1477 3027 looutio
1589 2994 1593 3004 ·

202 3068 343 3134 sortasse
366 3083 403 3132 eo
429 3067 613 3133 excusanda
637 3073 697 3144 est,
722 3065 810 3149 quod
838 3084 948 3142 senex,
982 3065 1179 3133 iudiciorum
1215 3067 1476 3146 amantissimae,

201 3174 240 3239 de
265 3174 393 3240 calculo
416 3180 572 3256 tenuium
597 3174 636 3240 de
662 3175 767 3240 amieo
790 3173 946 3257 loquitur.
972 3173 1020 3240 of.
1044 3195 1072 3240 v.
1100 3177 1140 3239 99
1166 3177 1266 3255 κημὸς
1290 3177 1399 3254 καλός.

248 3285 279 3364 ο)
300 3281 468 3348 Personae
491 3281 579 3348 aetio
602 3282 636 3346 in
660 3301 729 3348 rem
754 3282 918 3365 dirigitur.

247 3385 307 3454 Ec.
332 3391 396 3454 964
421 3388 509 3472 (lyr.)
532 3389 753 3468 πληκτίζεσθαι
773 3392 850 3468 μετὰ
872 3393 929 3467 τῆς
956 3393 1020 3466 σῆς
1053 3393 1157 3467 πυγῆς
1192 3388 1366 3470 ,lasciuire
1404 3407 1478 3454 eum

202 3495 332 3562 natibus
356 3495 457 3562 tuis“.
482 3496 529 3561 Cf.
554 3497 592 3565 A.
617 3499 692 3560 661.
716 3496 753 3562 N.
777 3500 854 3562 476.
871 3498 930 3565 Αν.
956 3499 1030 3561 660.
1056 3495 1161 3573 Quem
1185 3496 1307 3572 locum,
1325 3495 1418 3560 valde
1437 3493 1478 3558 ab

203 3603 438 3685 interpretibus
462 3603 630 3685 agitatum,
657 3604 801 3669 omnium
828 3604 952 3686 optime
977 3601 1056 3668 mihi
1080 3602 1208 3668 videtur
1241 3602 1346 3668 Faber
1370 3600 1479 3683 expla-

203 3729 308 3778 nasse:
335 3710 404 3792 ,ait
427 3727 462 3776 se
491 3709 614 3776 lasciva
637 3729 735 3778 manu
760 3717 853 3778 nates
878 3710 969 3776 illins
993 3710 1126 3791 pulsare
1158 3710 1252 3775 velie:
1289 3708 1479 3790 metaphora

203 3817 243 3884 ab
265 3817 340 3884 aliis
367 3817 607 3898 instrumentis,
640 3837 723 3900 quae
752 3819 879 3900 plectro
913 3818 1120 3898 pulsantnr“.
1155 3817 1218 3900 (Cf.
1251 3817 1478 3899 Vogelreuter.

202 3945 233 4010 p.
266 3925 333 4010 63).

249 4036 283 4115 2)
306 4034 340 4118 a)
363 4031 427 4098 Res
452 4032 549 4101 elteri
571 4031 618 4098 ita
642 4035 786 4116 additur,
810 4040 846 4098 nt
870 4038 997 4113 partem
1021 4033 1143 4100 obiecti
1166 4032 1298 4098 efficiat

246 4131 289 4208 V.
318 4144 400 4208 1057
426 4141 550 4225 (anap.)
572 4144 611 4208 τὰ
633 4140 1038 4224 νυήματα-εἰσβάλλετεα
1054 4142 1097 4219 εἰς
1121 4145 1177 4219 τὰς
1213 4143 1368 4222 κιβωτοὺς
1402 4144 1479 4218 μετὰ

204 4252 268 4314 τῶν
298 4249 416 4328 μήλων.

251 4353 286 4419 P.
313 4357 398 4420 1110
423 4353 563 4438 (hexam.
587 4353 686 4438 (lact.)
708 4357 797 4420 ταυτί
819 4357 896 4433 μετὰ
927 4360 984 4436 τῆς
1006 4360 1151 4434 σπονδῆς
1175 4356 1262 4434 λαβέ.

249 4459 299 4524 Fr.
326 4466 399 4538 506,
425 4469 442 4526 5
469 4461 613 4544 (paeon.)
636 4462 780 4542 ἠτριαίαν
803 4463 1040 4542 φέρετε-μετὰ
1063 4463 1239 4542 κολλάβων.

1336 4605 1373 4661 15
