3346 5368
792 465 985 528 458..

254 632 351 700 irem
369 632 478 710 Quare
503 633 645 702 eonieoit
668 635 717 700 ἐπὶ
740 639 784 718 τῷ
810 635 925 712 φαγὼν
948 629 1047 709 literr'
1070 630 1120 711 ἄν;
1157 631 1242 712 qnod
1264 630 1313 694 ita
1335 629 1518 712 germanice

254 741 364 806 vertit:
392 743 559 822 „wernher
588 741 696 806 wiirde
722 760 758 808 er
783 741 853 808 siah
878 736 962 806 wohl
987 737 1112 814 irenen,
1137 757 1229 804 neum
1253 755 1289 802 er
1314 757 1352 804 es
1372 757 1413 802 au
1430 753 1523 802 essen

255 846 425 914 bekdmei“
453 851 496 914 At
519 847 682 931 quomodo
706 848 821 927 φαγών
845 847 929 912 verti
956 845 1062 927 possit
1088 863 1198 925 „nean
1235 864 1270 913 er
1293 863 1329 911 es
1366 864 1407 913 zu
1431 861 1525 913 essen

253 952 423 1030 belenum,
448 955 598 1037 equidem
623 972 688 1023 nun
712 953 816 1032 video,
841 972 900 1021 neo
926 952 1103 1034 quidquam
1127 951 1218 1022 aliud
1242 952 1308 1017 ista
1331 948 1524 1034 significant,

254 1060 317 1126 nisi
345 1079 429 1143 „qun
452 1079 488 1126 re
512 1062 660 1144 gaudeat,
687 1079 761 1126 eum
782 1059 987 1143 (postquam)
1012 1052 1154 1123 edernae
1190 1059 1277 1140 quod
1299 1077 1403 1144 paene
1427 1075 1529 1144 sensu¹

255 1173 354 1235 caret.
381 1168 475 1246 Quod
499 1174 608 1236 autem
634 1167 781 1234 Konisine
805 1167 917 1235 dicere
941 1165 1058 1244 uoluit,
1094 1166 1126 1233 id
1153 1170 1244 1233 esset
1261 1183 1385 1250 ¹¹greeae
1411 1167 1461 1231 ἐπὶ
1482 1170 1534 1248 τῷ,

255 1275 426 1341 ἐσθίων
450 1271 549 1354 ἥδοιτ’
575 1275 623 1354 ἄν;
648 1275 716 1358 (vei
740 1275 853 1355 potius
875 1275 902 1338 τί
926 1275 1043 1338 ἐσθίων
1066 1270 1165 1352 ἥδοιτ’
1190 1273 1266 1356 ἄν;)ι
1303 1293 1332 1340 ν.
1359 1271 1527 1340 Goodwiui

236 1379 344 1462 ,Synt
369 1382 386 1466 ξ
411 1386 464 1449 24.
488 1381 627 1464 Madvig.
652 1383 669 1466 §
697 1385 770 1448 183.
803 1381 840 1446 Iu
879 1379 993 1446 eodem
1031 1397 1144 1444 errore
1179 1383 1330 1447 versatur
1365 1377 1527 1447 Mainakei

255 1487 444 1575 coniectura
467 1488 580 1572 (Vind.
604 1507 633 1569 ρ.
659 1488 716 1569 61)
741 1490 790 1554 ἐπὶ
806 1495 850 1572 τῷ
870 1489 987 1568 φάγοις
1010 1486 1121 1565 ἡσθεὶς
1138 1487 1188 1566 ἄν,
1203 1487 1226 1568 i.
1244 1505 1274 1570 e.¹
1290 1488 1341 1554 ἐπὶ
1356 1493 1402 1572 τῷ
1419 1486 1529 1569 ἡσθεὶς

256 1597 373 1675 φάγοις
397 1596 447 1676 ἄν,
471 1596 527 1664 ubi
551 1597 633 1663 illud
655 1615 784 1678 qnoque
809 1595 950 1674 offendit,
977 1603 1063 1678 qnod
1094 1603 1137 1678 τῷ
1174 1595 1339 1665 neminem
1377 1600 1457 1676 puto
1492 1595 1530 1660 de

259 1703 331 1770 aihu
356 1707 569 1784 accepturum
593 1721 774 1786 essequam
799 1710 850 1770 eat
871 1703 987 1784 procul
1010 1702 1107 1768 dnbio
1132 1719 1224 1770 mens
1248 1708 1375 1784 poetae,
1408 1702 1466 1770 sed
1490 1702 1528 1768 de
1613 1687 1616 1704 '

255 1809 320 1877 alin
343 1826 391 1884 re,
416 1827 479 1890 qua
505 1808 660 1877 Cleonem
684 1810 876 1896 gavisurum
901 1809 948 1876 ait
972 1807 1148 1877 isiciarins.
1187 1806 1341 1875 Omnium
1366 1809 1524 1892 optimum

257 1929 331 1986 esen
365 1913 508 1985 dicerem
544 1915 632 1996 quod
650 1914 875 1982 'Schneiderus
899 1913 1072 1996 proposuit
1107 1913 1159 1994 (d.
1184 1914 1297 1987 Jahrb.
1334 1916 1355 1982 i.
1393 1913 1476 1980 Phil.
1501 1933 1528 1983 ν.

264 2023 335 2095 115,
361 2039 391 2100 μ.
416 2021 478 2085 296
505 2020 578 2102 ιιι-μ
605 2021 654 2088 aa
677 2027 721 2105 τῷ
745 2021 862 2100 φάγοις
886 2020 999 2097 ἥδιστά
1024 2014 1064 2098 μ’;
1089 2020 1140 2087 ἐπὶ
1166 2020 1353 2104 βαλλαντίιςγ
1378 2019 1444 2086 nisi
1480 2034 1530 2086 so·

261 2127 310 2192 ius
334 2127 601 2208 optativus,loro
624 2125 757 2208 optativi
782 2145 856 2193 uum
881 2125 920 2192 ἄν
945 2125 1111 2192 coniuncti
1136 2124 1254 2202 dictus,
1280 2127 1319 2192 ab
1347 2126 1532 2193 Atticorum

259 2250 321 2298 usu
342 2233 544 2301 abhorreret:
558 2254 587 2302 v.
612 2233 669 2302 lin,
686 2235 730 2313 11,
748 2238 800 2316 54,
825 2237 857 2312 3,
876 2236 971 2298 7-8.
996 2232 1345 2316 Madvig.§138,ann.
1365 2236 1396 2304 2.
1412 2233 1530 2305 Melior

256 2344 307 2406 est
331 2339 436 2407 altera
460 2339 529 2407 eins
555 2338 753 2411 coniectura:
778 2341 827 2406 ἐπὶ
845 2345 889 2425 τῷ
907 2340 1022 2423 φάγοις
1034 2334 1064 2421 μ’
1081 2336 1183 2416 ἥδιστ’
1198 2337 1248 2404 ἄν.
1263 2337 1327 2423 Sed
1344 2339 1528 2418 videamus

259 2464 342 2513 unm
360 2445 518 2515 librorum
544 2447 708 2530 scriptura
731 2447 868 2514 retineri
890 2446 1006 2532 possit.
1030 2445 1110 2510 Nam
1136 2444 1263 2514 Kockio
1279 2446 1375 2530 plane
1394 2465 1528 2517 cousen-

256 2552 365 2628 tirem
391 2552 420 2620 si
443 2554 493 2620 ἐπὶ
516 2556 701 2639 ιῷφάγοις
722 2554 762 2621 ἄν
786 2554 935 2620 sensuri
958 2553 1075 2635 φάγοις
1110 2550 1149 2618 άν
1184 2551 1308 2620 dietum
1342 2558 1444 2624 esset.
1469 2552 1532 2618 Sed

254 2658 351 2742 louge
374 2658 471 2733 alitor
494 2678 547 2729 res
568 2679 606 2728 se
630 2659 740 2727 habet.
764 2658 854 2734 Nam,
882 2663 918 2724 ut
934 2676 993 2727 nos
1014 2652 1135 2739 ‚diurni
1155 2657 1365 2729 intransitive
1379 2659 1532 2743 dicimus

255 2764 302 2830 ita
325 2763 446 2835 Graeci
470 2783 600 2850 quoque
626 2766 753 2845 ἐσθίειν,
777 2766 953 2847 animoque
988 2764 1128 2832 isieiarii
1162 2765 1357 2834 obversatur
1393 2766 1529 2849 aliquid,

255 2871 346 2939 velut
370 2872 518 2956 ςρ,ιιιιίι“,
544 2872 597 2942 eui
623 2873 809 2954 βαλλάντιον
835 2873 964 2941 obsonii
992 2871 1065 2940 loeo
1090 2871 1262 2940 additurus
1287 2877 1347 2940 est.
1373 2873 1531 2942 Similiter

262 2995 381 3044 nomeu
404 2979 470 3045 eibi
493 2979 649 3057 omissum
674 2984 726 3064 est
748 2979 781 3047 in
806 2981 853 3046 Pl.
878 2983 962 3068 628.Ι
991 2980 1110 3046 Eadem
1142 2977 1272 3072 ratione
1294 2978 1451 3061 loquendi
1475 2998 1533 3046 nos

264 3103 393 3168 quoque
417 3085 552 3166 utimur,
578 3105 652 3152 enm
674 3087 825 3157 dicimus:
853 3107 915 3170 „nn
940 3107 1073 3155 rannus
1094 3087 1252 3175 unledans
1277 3086 1395 3172 tyanae
1421 3109 1466 3156 um
1485 3108 1535 3154 ee·

266 3211 367 3266 ronna
392 3191 561 3275 nymarai⁸
587 3194 642 3258 ubi
666 3195 799 3276 aliquod
823 3194 888 3280 cibi
909 3213 1025 3278 genus,
1049 3203 1087 3260 ut
1110 3214 1204 3278 cyris,
1230 3212 1325 3270 muco,
1344 3196 1384 3258 ad
1402 3213 1535 3279 aymam

265 3299 362 3365 simul
385 3300 527 3374 auditur.
550 3301 666 3386 ltaque
688 3302 773 3369 haec
795 3302 843 3394 sio
867 3301 1078 3386 interpretari
1101 3302 1191 3368 lieet:
1218 3303 1324 3394 „quod
1362 3303 1535 3387 obsonium

263 3407 324 3472 tibi
349 3405 576 3481 dulcissimum
600 3409 668 3494 est?
692 3427 800 3483 nonne
824 3410 1021 3476 crumenam
1045 3469 1050 3480 .

308 3512 350 3595 Ρ.Ι
372 3517 432 3581 123
459 3514 744 3596 ἕξετε-κολλύραν
768 3517 906 3595 μεγάλην
930 3519 981 3581 καὶ
1004 3517 1161 3583 κόνδυλον
1185 3515 1270 3594 ὄψον
1295 3515 1343 3582 ἐπ’
1368 3519 1460 3600 αὐτῇ.

308 3619 356 3686 Pl.
383 3624 447 3689 628
470 3621 827 3704 μεμυστιλημένοι-ἐπ’
852 3622 1021 3702 ὀλιγίστοις
1045 3623 1197 3704 ἂλφίτοις,
1235 3625 1322 3705 quod
1353 3631 1404 3690 est
1428 3627 1537 3708 Ζωμόν

268 3728 475 3809 ῥοφήσαντες
499 3729 682 3810 „insculum
707 3731 876 3798 sorbentes
901 3751 973 3800 cum
998 3731 1198 3814 paucissimo
1222 3735 1335 3813 pane“.
1482 3735 1484 3738 ’

310 3835 334 3900 1³
337 3855 363 3900 r.
390 3841 452 3903 630
478 3837 526 3905 ἐπὶ
549 3844 593 3922 τῷ
617 3839 732 3920 ταρίχει
755 3840 811 3905 τὸν
834 3841 957 3916 γέλωτα
984 3839 1161 3918 κατέδομαι.

311 3943 345 4026 8)
361 3941 485 4009 Eadem
502 3945 747 4027 praepositione
760 3946 925 4011 indicatur
943 3962 1093 4028 persona,
1104 3965 1208 4026 penes
1226 3964 1321 4030 quam
1339 3945 1461 4030 aliquid
1476 3951 1536 4012 est.

312 4048 352 4110 V.
382 4051 445 4112 650
468 4051 704 4128 χαλεπὸν-καί
727 4057 832 4129 δεινῆς
855 4052 983 4131 γνώμης
1007 4053 1060 4119 καὶ
1081 4053 1225 4131 μείζονος
1248 4053 1267 4130 ἣ
1292 4047 1335 4118 'ni
1358 4057 1538 4138 τρυγῳδοῖς

262 4157 421 4222 ἰάσασθαι
445 4157 548 4222 νόσον
569 4159 703 4242 ἀρχαίαν
729 4156 892 4242 „difficilis
917 4162 968 4225 est
992 4159 1094 4236 labor,
1119 4155 1171 4222 eui
1187 4159 1403 4226 adhibendum
1426 4161 1538 4226 aerius
1601 4155 1604 4160 ’

267 4262 436 4346 maiusque
460 4262 636 4348 ingenium,
661 4283 756 4349 quam
782 4269 820 4332 ut
843 4263 1042 4332 comicorum
1068 4266 1123 4344 sit,
1142 4266 1290 4332 morbum
1314 4286 1430 4334 sanare
1448 4268 1537 4332 iuve-

267 4373 442 4458 teratnm“.

311 4481 371 4546 Αν.
397 4482 460 4549 638
485 4480 536 4548 ἐπὶ
559 4483 612 4546 σοὶ
635 4481 710 4548 τάδε
733 4477 826 4566 inim(
849 4481 1006 4548 ἀνάκειται
1033 4501 1094 4566 „na
1126 4481 1208 4548 rudis
1233 4483 1288 4567 (για
1322 4488 1422 4551 raderi
1459 4485 1538 4550 oon-

268 4588 448 4670 nnnnonrn)
472 4607 605 4652 αοιιιιινό
630 4607 686 4652 nee
711 4593 798 4657 oro“.
825 4568 1116 4667 deminuuntur
1143 4589 1176 4654 in
1201 4568 1342 4658 editione
1363 4592 1536 4656 ilanmleri
