3326 5372
753 466 952 530 -204-

260 629 298 701 E
324 633 385 696 791
411 634 563 726 περὶτῆς
586 635 727 711 κεφαλῆς
756 633 954 710 περιδόσθαι.

260 737 291 820 1))
314 736 354 800 Ε
380 741 441 802 767
466 740 538 816 περὶ
560 741 623 803 ont
648 739 783 818 μάχομαι
809 757 887 822 „pro
911 745 945 803 te
967 740 1118 822 pugu0“
1142 742 1202 806 781
1231 721 1374 826 Μάδοισχ
1395 719 1479 811 διεξι·

143 867 145 880 ’
213 845 303 923 qino
326 846 397 922 περὶ
419 849 475 923 τῆς
498 847 617 924 χώρας.
645 847 729 910 1038
752 846 823 925 περὶ
844 848 901 910 τοῦ
926 845 1225 930 δήμου-μαχεῖται.

258 949 298 1014 V.
324 952 387 1013 375
409 952 465 1015 τὸν
493 954 563 1029 περὶ
587 953 693 1030 ψυχῆς
715 951 836 1030 δρόμον
860 954 999 1030 δραμεῖν,
1023 949 1080 1018 ubi
1097 951 1200 1022 schol.
1214 951 1285 1019 V:
1268 973 1369 1043 ηχουν
1386 953 1479 1032 ἐκφυ-

210 1061 280 1134 γεῖν
303 1059 457 1124 σώσαντα
480 1059 537 1136 τὴν
561 1057 681 1141 ψυχήν.Ι
702 1059 771 1126 593,
785 1060 860 1136 ,περὶ
875 1061 931 1122 τοῦ
947 1059 1307 1140 πλήθουςεμαχεῖσθαι
1320 1075 1402 1146 „pro
1423 1055 1478 1142 pol

212 1163 321 1244 pulari
346 1167 466 1229 statu“.
492 1166 555 1227 667
581 1167 737 1243 μαχοῦμαι
759 1167 910 1243 περὶτοῦ
932 1166 1083 1244 πλήθους.
1452 1227 1465 1258 ,1

247 1268 294 1334 u.
322 1273 380 1334 191
403 1271 623 1362 ,νεναυμάχηκε
645 1271 702 1349 τὴν
736 1273 807 1350 περὶ
828 1276 893 1336 τῶν
931 1276 1033 1348 κρεῶν
1069 1271 1141 1364 (αα.
1165 1271 1365 1363 ναυμαχίαν),
1394 1271 1415 1334 i.
1452 1291 1478 1336 c.

211 1379 284 1454 περὶ
305 1381 364 1454 τῆς
386 1380 490 1460 ψυχῆς
514 1380 571 1455 τῆς
595 1377 721 1468 ἑαυτοῦ,
746 1381 784 1444 ut
808 1378 854 1445 ait
878 1375 987 1448 schol„
1004 1377 1055 1450 De
1079 1396 1142 1460 quo
1163 1378 1238 1450 loco
1267 1377 1481 1465 ngelreute·

213 1502 270 1548 rus
294 1483 338 1564 (p.
357 1482 423 1566 50),
443 1481 520 1547 coll.
535 1483 658 1549 Bauck.
674 1483 724 1548 De
739 1483 921 1574 proverbiis
939 1489 1000 1550 etc.
1016 1503 1068 1566 ap.
1086 1484 1188 1551 Arist.
1208 1485 1297 1551 Com.
1313 1502 1345 1569 p.
1365 1485 1405 1568 25
1423 1501 1481 1566 sq„

210 1609 286 1655 curn
311 1588 385 1664 alia,
409 1593 482 1658 tum!
501 1589 582 1657 haec
606 1590 796 1672 disputavit:
823 1589 990 1671 „Graecis
1025 1609 1099 1656 cum
1129 1590 1172 1662 yde
1209 1595 1350 1667 summa
1371 1607 1481 1656 rerum

214 1696 402 1765 certaminis
426 1697 608 1778 capitisque
631 1696 771 1778 periculi
794 1698 994 1765 mentionem
1024 1696 1196 1780 faciebant,
1231 1705 1365 1782 praetor
1399 1697 1481 1765 illud

209 1803 268 1868 τὸν
289 1805 361 1881 περὶ
382 1809 488 1883 ψυχῆς
510 1805 639 1883 δρόμον.
654 1808 795 1896 δραμεῖν,
818 1804 881 1870 hoc
903 1804 1115 1888 proverbium
1150 1810 1222 1874 erat
1256 1806 1364 1872 minus
1398 1804 1480 1886 lepi-

211 1910 299 1977 dum:
323 1909 343 1974 δ
366 1913 471 1988 λαγῶς
493 1913 551 1977 τὸν
572 1913 643 2000 rupi
665 1915 729 1977 τῶν
754 1916 856 1990 κρεῶν
878 1913 988 2000 τρέχει,
1013 1912 1051 1983 de
1076 1930 1139 1994 quo
1163 1913 1284 2002 Zenob.
1300 1916 1340 2002 4,
1359 1915 1413 1976 δότ
1432 1913 1484 1978 ἐπὶ

211 2023 276 2092 τῶν
299 2017 601 2085 διακινδυνευόντιαν
625 2021 696 2102 ταῖς
719 2020 837 2097 ψυχαῖς
861 2016 911 2085 καὶ
938 2021 1020 2096 πρὸς
1053 2022 1148 2085 rorico
1175 2024 1337 2098 καρτερῶς
1368 2019 1484 2100 ἀγωνι-

209 2125 354 2204 Ζομένων
377 2125 574 2202 τασσομένη.
599 2123 670 2190 Ηοα
692 2124 902 2204 proverbium
927 2125 1018 2192 Arist
1020 2125 1220 2208 ophanam'
1211 2146 1245 2194 m
1275 2125 1390 2193 animo
1426 2125 1484 2190 ha·

211 2230 323 2296 buisse
348 2229 430 2296 satis
452 2231 622 2314 apparatu

476 2534 513 2629 Β.
548 2533 671 2616 Περί,
707 2550 734 2597 c.
770 2550 861 2610 acc,
898 2532 1223 2611 coniunctum,

254 2753 280 2818 l.
306 2750 426 2816 Leonti
447 2771 548 2820 sensu
572 2754 696 2835 duplici
718 2755 848 2823 ratione
878 2759 1067 2838 usurpatur:
1101 2761 1159 2821 aut
1190 2755 1271 2823 illud
1309 2753 1482 2842 significat,

207 2859 331 2924 αόναιιια
355 2860 575 2942 (,‚noupyrs“)
600 2861 687 2943 quod
710 2861 834 2944 aliquid
858 2867 1008 2930 movetur
1031 2863 1083 2928 vel
1107 2863 1206 2931 situm
1230 2869 1282 2928 est
1299 2863 1352 2934 vel
1367 2861 1404 2930 fit
1421 2863 1480 2948 (l),

209 2970 269 3030 aut
290 2964 385 3042 illud,
423 2964 512 3056 circo
547 2967 723 3054 („onouo“)
753 2969 841 3052 quod
863 2969 915 3034 vel
938 2969 1028 3036 iuxta
1052 2969 1176 3052 aliquid
1199 2974 1250 3037 est
1272 2969 1324 3035 vel
1358 2968 1395 3034 fit
1422 2970 1480 3052 (2).

208 3071 300 3148 Quas
321 3073 473 3137 notiones
498 3079 549 3138 ast
571 3074 627 3138 ubi
649 3075 735 3140 haud
759 3074 854 3141 facile
879 3075 1042 3141 dinoscas.

233 3179 289 3258 fl)
313 3177 420 3260 Atque
451 3179 578 3259 ‚prioris
613 3183 744 3266 generis
768 3179 916 3264 exempla
940 3184 973 3248 in
1006 3182 1087 3250 duas
1120 3187 1233 3266 partes
1268 3183 1420 3280 dividam,
1446 3189 1481 3248 ut

208 3283 252 3348 ad
291 3283 428 3350 alteram
459 3305 497 3352 ea
532 3285 727 3368 referantur,
762 3289 797 3354 in
833 3288 950 3372 quibus
987 3289 1201 3372 praepositio,
1238 3309 1256 3354 a
1290 3291 1390 3358 verbo
1415 3309 1480 3354 mo·

209 3389 484 3475 aequipendens,
508 3395 634 3478 aliquid
658 3395 782 3460 circum
806 3394 949 3477 aliquem
982 3395 1089 3463 locum
1126 3396 1301 3480 circumagi
1323 3402 1371 3476 ⁸et
1405 3416 1480 3482 pro·

210 3496 336 3561 moveri
358 3498 481 3565 indicat
505 3501 563 3586 (a);
588 3501 629 3565 ad
652 3501 792 3568 alteram
816 3520 865 3579 ea,
890 3501 924 3566 in
948 3501 1065 3583 quibus
1088 3504 1303 3586 praepositio,
1323 3523 1361 3570 ex
1379 3503 1480 3573 verbo

209 3602 395 3682 quiescendi
417 3624 585 3687 suspensa,
610 3605 735 3686 aliquid
760 3605 884 3670 circum
908 3603 1049 3689 aliquem
1066 3607 1174 3675 locum
1191 3609 1319 3674 versari
1341 3596 1480 3675 vetfieri

209 3707 375 3792 significat
398 3710 456 3796 (b).

253 3817 286 3901 α)
311 3815 353 3884 A.
379 3823 419 3886 96
443 3821 515 3897 περὶ
539 3817 639 3898 ἄκραν
664 3821 814 3899 κάμπτων
846 3820 991 3900 „circum
1026 3822 1287 3904 promuntorium
1310 3821 1478 3893 flectens“.

209 3925 274 3988 998
298 3928 368 4003 περὶ
390 3927 427 3990 τὸ
451 3925 569 4005 χωρίον
593 3926 709 4009 ἐλᾷδας
733 3924 818 3991 ἅπαν
841 3928 875 3994 ἐν
899 3928 1002 4012 κύκλῳ
1026 3931 1086 4010 (sc.
1111 3929 1249 4014 ἐλάσαι).

253 4030 289 4095 L.
314 4035 377 4098 979
401 4033 472 4111 περὶ
491 4032 550 4110 τὴν
573 4034 688 4109 ψαιλήν
711 4033 867 4114 περιβαίη,
891 4033 980 4116 quod
1012 4035 1147 4117 proprie
1183 4035 1346 4120 significat
1371 4056 1480 4120 „men-

209 4136 311 4201 tulam
335 4137 548 4216 circumeat“,
573 4135 593 4203 i.
619 4155 647 4202 e.
672 4137 703 4202 ei
726 4138 855 4213 insidat,
881 4144 918 4204 ut
940 4140 990 4205 vir
1013 4159 1109 4222 equo.

253 4241 310 4307 Th.
336 4246 398 4308 796
422 4245 493 4322 περὶ
514 4244 572 4322 τὰς
594 4245 702 4324 κλίνας
726 4251 936 4324 περινοστῶν.

253 4348 291 4434 b)
312 4349 349 4419 N.
376 4355 417 4416 97
442 4352 551 4419 κᾶστιν
576 4357 646 4434 περὶ
667 4353 752 4433 ἡμᾶς
774 4353 870 4433 οὗτος
893 4353 972 4438 (εδ
997 4354 1160 4439 οὐρανός).

247 4456 291 4526 V.
318 4463 402 4526 1034
427 4464 459 4533 ct
480 4459 517 4526 P.
544 4463 606 4526 757
631 4463 802 4542 ἐλιχμῶντο
825 4462 897 4539 περὶ
910 4462 968 4539 τὴν
985 4463 1127 4542 κεφαλήν
1145 4463 1480 4544 „circumlambebant

210 4567 341 4646 coput“.
