3298 5368
681 417 868 498 Len-L

162 602 203 666 1.
229 605 288 666 571
317 604 348 669 ἐξ
379 604 473 681 ἐρίων
491 639 530 648 -
549 606 599 667 καὶ
634 606 834 684 κλωστήρων
859 605 909 667 καὶ
933 604 1098 685 ἀτράκτων
1120 605 1290 682 πράγματα
1312 604 1400 666 δεινὰ

115 711 258 776 παύσειν
281 712 393 778 οἴεσθε
416 730 477 792 „ex
501 713 577 776 lana
601 717 633 776 et
660 709 726 776 filis
764 717 807 776 et>
832 712 914 778 lusis
949 710 1145 792 (indicantes
1181 712 1234 776 vel
1268 717 1399 792 sumpto

117 819 321 902 exemplo)“.
347 822 410 883 573
435 822 470 884 ἐκ
493 824 558 885 τῶν
582 820 677 898 ἐρίων
699 825 765 884 τῶν
787 817 950 898 ἡμετέρων
970 817 1186 886 ἐπολιτεύεσθ’
1201 820 1240 883 ἂν
1264 819 1399 884 ἅπαντα.

163 924 226 991 Th.
255 931 318 990 144
340 929 376 992 ἐκ
399 931 455 991 τοῦ
480 929 596 1005 μέλους
620 932 703 1006 ζητῶ
728 942 777 990 σε.
815 929 877 990 627
904 931 1049 1004 βασανιῶ
1079 927 1252 1004 ταύτην-
1268 929 1302 992 ἐκ
1336 930 1401 990 τῶν

119 1034 226 1110 ἱερῶν.
252 1037 317 1098 010
341 1036 405 1110 ἐγὼ
428 1037 464 1099 δὲ
490 1035 646 1119 Μενελάῳ
670 1029 702 1098 σ’
725 1035 762 1115 (i.
786 1053 814 1096 e.
840 1032 953 1112 ὅμοιον
978 1033 1089 1116 εἶδον),
1115 1032 1182 1097 ὅσα
1212 1031 1242 1110 γ’
1278 1035 1313 1096 ἐκ
1336 1037 1400 1096 τῶν

124 1139 228 1219 ἰφύων
255 1157 336 1222 „ego
359 1158 438 1204 vero
461 1148 495 1204 te
518 1140 668 1206 Menelao
693 1141 835 1206 similem
860 1141 957 1217 duco,
981 1145 1138 1222 quantum
1175 1159 1193 1204 e
1226 1140 1400 1204 lavendula

127 1246 247 1326 agresti
271 1247 422 1328 colligo“.
448 1246 558 1312 Locus
582 1248 742 1314 obscuros
766 1255 800 1312 et
829 1245 969 1312 fortasse
1006 1253 1183 1328 eorrnptns
1222 1253 1281 1315 est.
1317 1246 1399 1312 Nom

126 1354 222 1418 verbe
245 1359 374 1433 poetae,
400 1355 428 1418 si
452 1361 544 1422 reete
569 1355 726 1420 restituta
749 1360 825 1422 sont
857 1354 905 1437 (in
929 1355 1023 1418 libris
1047 1355 1134 1418 enim
1157 1373 1217 1436 pro
1242 1355 1398 1436 Μενελάῳ

123 1457 152 1522 0²
175 1458 298 1540 legitur
323 1461 502 1539 Μενέλαον,
526 1479 586 1544 pro
611 1463 903 1543 ἰφύων-ἀφύων),
926 1479 992 1527 non
1016 1462 1114 1530 alianr
1152 1459 1402 1543 interpretatio·

123 1566 411 1644 nemadmittunt,
436 1586 554 1649 „quarn
579 1567 647 1632 ὅσα
671 1566 700 1645 γ’
723 1570 760 1634 ἐκ
783 1574 847 1633 τῶν
870 1569 975 1648 ἰφύων
1000 1569 1065 1651 (vel
1096 1573 1164 1646 τοῖς
1187 1569 1308 1648 ίφύοις)
1333 1570 1403 1632 ἐστὶ

122 1675 358 1750 τεκμαίρεσθαι,
384 1674 470 1756 quod
493 1674 588 1738 nihili
610 1679 663 1740 est
678 1674 753 1749 nisi,
771 1675 859 1757 quod
875 1691 940 1738 non
963 1674 1133 1756 probabile
1151 1681 1211 1750 est,
1228 1675 1310 1754 ἴφυα
1327 1691 1405 1755 por·

123 1780 245 1846 teverit
266 1780 455 1862 Euripides.
484 1781 553 1846 lloo
578 1791 705 1848 eertum
730 1783 862 1848 videtur
885 1783 987 1848 rideri
1012 1780 1115 1848 filium
1133 1790 1190 1860 τῆς
1214 1784 1404 1862 λαχανοπω-

123 1891 233 1966 libo&
258 1888 477 1972 (Bakhnyzen.
502 1910 533 1971 p.
562 1891 649 1974 125).
675 1889 931 1956 CiFritzschei
955 1909 1030 1955 oon.

168 1995 206 2058 R.
229 2001 293 2060 060
318 1998 349 2064 ἐξ
374 1997 690 2077 ῶν-ἐξηλεγχόμιγν.

169 2101 216 2166 Pl.
243 2107 306 2166 212
332 2105 395 2183 ἐχω
419 2101 475 2169 τιν’
500 2106 624 2183 ἀγαθὴν
648 2103 745 2170 ἐλπίδ’
770 2107 802 2170 ἐξ
827 2105 873 2168 ὧν
897 2104 965 2168 είπέ
986 2125 1037 2182 μοι
1062 2103 1080 2166 ὁ
1105 2106 1238 2182 Φοῖβος.

170 2209 204 2288 7)
227 2208 398 2274 Postremo
424 2226 481 2277 eos
506 2207 639 2274 afferam
671 2211 772 2291 locon,
810 2210 929 2291 quibus
963 2209 1077 2272 modas
1114 2209 1168 2272 vel
1202 2207 1300 2282 ratio,
1338 2225 1403 2287 qua

125 2316 198 2397 quis
221 2334 302 2381 usus
327 2317 471 2397 aliquam
495 2335 566 2380 rem
590 2315 730 2398 perficit,
754 2317 999 2398 praepositione
1024 2313 1239 2398 significatum
1257 2333 1318 2378 nee
1336 2315 1397 2376 mi-

126 2441 209 2500 rum,
233 2421 264 2488 si
287 2442 398 2488 earum
423 2423 638 2500 locutionum,
664 2443 748 2505 quae
771 2422 836 2488 hue
860 2423 1035 2504 pertinent,
1060 2431 1138 2488 sunt
1153 2441 1237 2503 quae
1255 2419 1402 2484 adverbii

126 2548 226 2610 paene
251 2549 383 2596 sensuro
406 2532 607 2612 acceperint.

169 2635 208 2700 Ε.
234 2639 298 2700 670
323 2639 354 2701 ἐξ
379 2639 453 2716 ἑνὸς
478 2639 640 2717 στόματος
658 2638 796 2717 ἅπαντες
812 2640 1000 2716 ἀνέκραγον.
1019 2640 1083 2702 848
1102 2637 1136 2700 ἐκ
1152 2638 1306 2714 προνοίας
1329 2635 1403 2698 ταύ-

126 2763 181 2822 τας
197 2745 314 2826 (ετὰς
333 2744 485 2824 ἀσπίδας)
505 2747 560 2809 ἐᾶν
577 2744 705 2810 αὐτοῖσι
727 2751 800 2823 τοῖς
821 2748 975 2823 πόρπαξιν
992 2745 1181 2818 ἀνατεθῆναι
1199 2740 1402 2820 „consulto“.

168 2849 203 2916 1..
234 2855 317 2916 1005
341 2853 597 2930 πρίν-ἅπαντες
629 2857 661 2918 ἐξ
687 2855 762 2930 ἑνὸς
786 2854 871 2930 λόγω
895 2854 1041 2928 σπονδὰς
1068 2851 1301 2930 ποιησώμεσθα
1325 2847 1400 2931 (La-

128 2958 217 3024 conis
241 2957 341 3024 verbe
365 2959 465 3041 sunt).
493 2959 615 3022 Eadem
640 2959 765 3026 locutio
790 2965 842 3024 est
873 2960 908 3024 in
931 2959 980 3022 Pl.
1009 2961 1082 3022 760.

169 3063 225 3131 Th.
254 3068 316 3127 736
342 3065 400 3128 κάκ
422 3067 814 3144 παντὸς-μηχανώμεναι
837 3069 919 3130 πιεῖν
946 3067 1054 3146 „omni
1079 3066 1207 3130 modo“.

168 3171 217 3238 Pl.
243 3173 308 3234 760
331 3173 363 3236 ἐξ
387 3173 462 3249 ἑνὸς
486 3173 586 3248 λόγου
611 3171 771 3252 ὀρχεῖσθε.

171 3277 222 3340 Fr.
250 3280 323 3353 187,
350 3281 365 3340 1
391 3280 510 3356 πάσαις
522 3283 660 3354 γυναιξὶν
676 3280 1120 3358 ἐξὲνὸς-τρόπου-μοιχὸς
1145 3279 1399 3356 ἐσκευασμένος.

170 3384 241 3448 Huc
265 3386 411 3466 pertinet
434 3386 534 3450 etiarn
561 3386 686 3450 locutio
710 3389 743 3452 ἐξ
777 3387 865 3462 ἴσον,
901 3404 965 3466 qna
1001 3405 1111 3450 rerum
1147 3383 1292 3448 conditio
1329 3382 1402 3448 sive

129 3495 232 3558 stetus
255 3491 464 3570 describitur,
496 3494 530 3558 in
555 3513 620 3575 qno
646 3494 689 3568 id,
715 3494 755 3557 de
781 3511 844 3574 quo
869 3493 989 3575 agitur,
1014 3493 1188 3558 invenitur:

171 3597 219 3662 n·
236 3602 321 3663 1160
344 3600 396 3664 ίνα
420 3600 451 3666 σ’
478 3600 512 3664 εὖ
537 3607 678 3681 ποιῶμεν
697 3604 729 3666 ἐξ
753 3603 829 3668 ἴσου
859 3597 994 3682 „eadem
1026 3599 1214 3666 conditione
1249 3601 1324 3663 usi“
1349 3597 1400 3659 vel

134 3707 285 3788 „eandem
309 3726 399 3788 spem
424 3707 584 3772 v-iotoriae
609 3705 801 3774 babentes“.

172 3814 209 3880 R.
233 3817 296 3880 867
322 3816 354 3880 ἐξ
376 3816 587 3880 ἴσου-ἐστίν
612 3817 709 3893 ἁγιίιν.

170 3921 225 3986 IV.
250 3922 389 3988 Restant
412 3923 476 3986 dno
502 3922 576 4000 loci,
602 3923 659 4004 qui
683 3923 804 3988 multas
828 3921 942 3986 turbas
967 3920 1153 3986 hominibus
1171 3921 1278 3986 doctis
1303 3921 1402 3986 dede-

130 4017 210 4103 runt.
235 4046 375 4109 qnorum
397 4029 482 4094 alter
502 4037 553 4094 est

172 4134 229 4198 Ar.
256 4137 295 4198 16
320 4132 408 4214 ὄρνις
431 4130 548 4210 ἐγένετ’
574 4137 609 4200 ἐκ
632 4142 697 4202 τῶν
720 4136 856 4215 ὀρνέων,
893 4138 987 4204 cuius
1012 4138 1067 4219 qui
1091 4155 1209 4202 sensus
1245 4136 1300 4214 sit,
1335 4155 1399 4201 non

132 4247 266 4318 constan
291 4260 393 4323 quare
417 4261 436 4306 a
461 4239 588 4308 Oobeto
612 4249 647 4308 et
670 4243 842 4308 Meinekeo
866 4263 926 4325 pro
951 4245 1065 4326 spurio
1090 4242 1238 4310 habetor:
1275 4251 1307 4308 at
1331 4251 1400 4308 tum

132 4346 273 4431 intellegi
297 4366 361 4414 non
384 4355 505 4430 potest,
531 4368 590 4414 eur
613 4367 730 4415 versus
753 4350 984 4432 ineptissimus
1007 4350 1225 4430 interpositus
1249 4351 1302 4416 sit.
1338 4349 1401 4414 Re·

133 4455 214 4523 otios
236 4457 338 4540 igitur
363 4463 537 4540 corruptus
563 4463 614 4522 est
638 4458 841 4534 iudicandos,
865 4458 930 4524 nisi
956 4458 1039 4524 forte
1064 4460 1158 4527 iocus
1182 4458 1281 4534 inest.
1304 4477 1400 4540 quero

132 4580 190 4626 non
215 4566 277 4627 iarn
305 4563 537 4646 intellegimus.
