3326 5372
706 496 906 560 -213-

162 662 229 742 sit,
253 668 286 726 et
310 661 400 741 illud,
426 680 491 746 quo
515 663 711 730 adulescens
736 663 900 746 loquatur,
928 662 1139 730 interiectum
1164 663 1218 750 sit,
1243 681 1341 730 seusu
1367 665 1446 744 „ab-

169 768 246 833 hinc
269 769 427 834 tredecim
452 770 543 834 milia
568 774 763 851 annorum“;
779 788 866 852 quae
880 769 931 836 uis
954 787 1071 834 vercor
1094 788 1135 836 ne
1160 771 1293 836 omnino
1317 770 1357 835 ab
1382 770 1446 835 ἀπό

171 876 419 958 praepositione
443 877 629 955 alienasti,
654 878 694 946 de
718 895 782 960 quo
805 879 873 942 dixi
897 898 927 961 p.
942 880 995 943 96.
1019 877 1088 944 Nec
1104 878 1226 945 melius
1241 875 1445 955 Dindorlius‚

170 982 344 1050 Meinekeo
379 985 548 1065 probatus
573 1005 641 1050 rem
667 986 780 1068 gessit,
805 991 861 1068 qui
884 1002 945 1068 pro
969 989 1051 1051 ἐτῶν
1073 1007 1109 1064 γε
1132 988 1183 1052 καί
1207 985 1342 1067 scripsit
1365 986 1447 1051 ἐτῶν

169 1114 204 1159 τε
228 1095 291 1158 καί.
316 1082 395 1158 Nam
421 1094 616 1177 mitto‚quod
640 1101 711 1160 tum
733 1097 768 1160 τέ
791 1094 902 1175 potius
936 1095 1011 1160 roci
1046 1098 1166 1174 μυρίων
1201 1093 1445 1176 adiungendum

169 1205 251 1266 erut:
276 1201 332 1266 sed
356 1201 529 1282 aptissime
553 1203 634 1267 ἐτῶν
670 1202 890 1284 particulare
915 1202 1026 1268 addita
1061 1208 1194 1268 auctum
1225 1207 1287 1279 est,
1309 1200 1387 1283 quia
1410 1201 1443 1266 in

167 1309 251 1376 hauc
274 1309 386 1374 voc'em
412 1307 541 1390 pondus
572 1309 733 1374 orationis
757 1309 926 1374 incumbit.
950 1310 1156 1376 Adulescens
1181 1309 1266 1374 enim
1291 1305 1372 1373 hacc
1397 1308 1446 1372 di-

169 1416 225 1480 cit:
249 1415 372 1495 „nolim
397 1415 486 1498 loqui
511 1434 584 1480 cum
609 1435 657 1493 ea,
682 1435 764 1499 quae
789 1437 808 1481 a
830 1417 988 1482 tredecim
1013 1416 1161 1482 millibus
1184 1433 1344 1482 annorum
1373 1415 1446 1496 qui-

167 1523 242 1588 dem
266 1526 303 1606 (ί.
328 1545 355 1588 e.
382 1526 410 1589 si
434 1542 498 1589 non
522 1529 717 1602 amatorum,
741 1531 775 1590 at
799 1529 888 1591 certe
912 1523 1088 1606 annorum)
1112 1523 1299 1606 subagitata
1321 1523 1406 1588 est“.

193 1630 246 1713 ,βλ
268 1631 305 1696 Α.
333 1635 417 1698 1193
443 1634 541 1710 δορὸς
565 1633 628 1698 ύπό
651 1633 806 1709 πολεμίου
828 1633 945 1710 τυπείς,
972 1631 1060 1713 quod
1084 1649 1143 1712 pro
1174 1631 1247 1713 ipso
1274 1630 1369 1695 hoste
1394 1630 1444 1693 di·

167 1745 260 1799 ctum
286 1741 346 1801 est.

213 1840 271 1903 dv.
296 1844 361 1906 456
384 1843 661 1919 παραλειπομένην
696 1841 747 1906 ὑπ’
781 1843 858 1920 ἐμῆς
887 1844 1008 1923 φρενὸς
1031 1842 1184 1908 ἀξυνέτου
1210 1840 1445 1922 „praetermis-

168 1964 239 2014 sam
263 1948 303 2012 ab
326 1948 528 2028 imprudenti
552 1954 660 2013 mente
685 1951 790 2016 mca“.
815 1949 836 2013 i.
863 1969 889 2014 a
916 1967 957 2030 „a
980 1967 1032 2014 me
1055 1948 1287 2030 imprudenti&

213 2053 273 2118 Ec.
297 2064 317 2120 4
339 2057 617 2138 τροχῷ-ἐλαθεὶς
649 2060 818 2135 κεραμικῆς
853 2057 953 2135 ῥύμης
984 2057 1057 2131 ὕπο,
1082 2055 1170 2136 quod
1198 2063 1289 2119 recte
1313 2053 1443 2118 videtur

170 2159 336 2226 Velsenus
362 2162 402 2227 de
427 2161 563 2228 Kusteri
594 2162 784 2228 coniectura
817 2180 876 2243 pro
901 2163 965 2228 ἀπο
988 2162 1148 2228 librorum
1173 2161 1360 2242 scripsisse:
1384 2177 1444 2224 nec

169 2268 256 2333 enim
291 2269 428 2332 multum
465 2267 573 2333 differt
607 2269 687 2334 haec
722 2269 846 2335 locutio
882 2270 922 2334 ab
957 2271 1020 2334 ὑπὸ
1048 2271 1220 2347 κεραμέως.
1246 2265 1294 2335 01,
1316 2266 1354 2335 N.
1379 2267 1444 2331 407

168 2375 339 2453 ὑπὸ-τῆς
363 2374 464 2453 ῥύμης
488 2374 586 2453 αὐτὸς
611 2375 727 2439 ἑαυτὸν
750 2377 927 2442 κατακάων.
956 2375 996 2437 V.
1024 2377 1107 2439 1487
1131 2376 1272 2451 πλευρὰν
1295 2374 1445 2449 λυγίσαν-

166 2500 225 2557 τος
248 2481 311 2544 ono
336 2481 447 2560 ῥύμης.

212 2587 246 2668 γ)
270 2586 410 2666 Reliqua
433 2587 591 2668 exempla:

212 2694 251 2756 Α.
279 2696 319 2758 16
343 2694 479 2772 ἐδήχθην
502 2695 565 2760 ὑπὸ
589 2696 699 2773 κονίας
720 2699 778 2774 τὰς
803 2695 920 2776 ὀφρύς.
957 2697 1020 2761 925
1045 2695 1224 2772 σελαγοῖντ’
1250 2696 1289 2760 ἂν
1313 2698 1377 2761 ὑπὸ
1402 2698 1446 2760 τί-

166 2820 236 2879 φης
259 2819 293 2864 τε
317 2802 368 2864 καὶ
390 2803 580 2878 θρυαλλίδος
607 2800 844 2883 „incendantur
867 2821 887 2864 a
910 2801 1014 2866 blatta
1037 2807 1071 2866 et
1094 2801 1288 2883 ellychnio“.

215 2914 272 2969 Αν.
294 2911 376 2970 1447
394 2909 609 2984 ὑπὸ-λύγων
633 2906 747 2986 ὁνούς
761 2929 795 2972 τε
811 2911 1028 2987 μετεωρίζεται
1041 2910 1201 2987 ἐπαίρεταί
1216 2909 1244 2973 θ’
1261 2909 1445 2988 ἅνθρωπος.

213 3011 250 3076 R.
279 3015 363 3076 1214
386 3009 688 3093 πεπλήγμεθ’-ὑπὸ
711 3020 769 3092 τῆς
792 3015 942 3094 ληκύθου.
964 3019 1048 3081 1244
1064 3018 1203 3080 λέλεκται
1219 3020 1275 3094 τῆς
1297 3016 1445 3094 ἀληθείας

167 3120 232 3186 ύπο
255 3119 441 3202 (Euripidis
466 3141 581 3188 versus
606 3124 669 3202 est)
694 3121 754 3202 „ab
778 3123 852 3204 ipsa
876 3122 1028 3188 Veritate
1052 3123 1208 3191 dicitur“.

214 3226 247 3309 3)
270 3226 430 3293 Similiter
466 3233 633 3294 auctorem
670 3229 788 3309 agendi
818 3228 983 3312 significat
1006 3231 1078 3305 ὑπό,
1104 3249 1176 3294 cum
1202 3232 1353 3313 genetivo
1377 3231 1445 3295 ani·

167 3333 289 3397 mantis
313 3337 372 3417 (a),
386 3333 495 3400 rarius
517 3337 567 3400 rei
592 3334 757 3400 inanimae
781 3337 834 3400 vel
866 3337 1025 3402 abstracti
1048 3336 1096 3420 (b)
1122 3338 1345 3416 coniunctum,
1370 3355 1444 3403 eum

167 3457 209 3504 ex
231 3439 341 3506 verbis
365 3443 504 3520 neutris,
528 3443 588 3508 sed
610 3442 743 3525 passiva
766 3442 899 3509 notione
917 3441 1075 3524 praeditis
1092 3444 1318 3524 suspenditur,
1335 3445 1445 3526 qualia

167 3550 247 3611 sunt
271 3547 406 3625 ἀκούειν,
432 3550 642 3627 ἀπόλλυσθαι,
666 3551 802 3629 πάσχειν
826 3551 900 3618 alia.

212 3654 244 3736 a)
270 3655 475 3722 ἀκούεται
502 3658 538 3720 Ε.
564 3661 628 3723 820
653 3653 993 3737 ταυτὶ-τάκούειν-μ’
1018 3658 1231 3724 ὑπὸτούτου.

211 3759 248 3824 d.
274 3762 337 3826 526
362 3761 413 3828 ὑπ’
435 3763 713 3843 ἀνδρῶν-ἄριστ’
737 3767 931 3843 ἠκουσάτην.

212 3868 270 3932 Th.
297 3871 380 3934 1162
407 3870 543 3936 ἀκοῦσαι
567 3874 666 3950 μηδὲν
689 3870 742 3938 ὑπ’
768 3873 845 3951 ἐμοῦ
870 3874 979 3939 κακόν.

211 3977 267 4043 ἀπ
277 3978 297 4041 ὀ
309 3982 328 4043 λ
340 3982 358 4042 λ
372 4001 390 4042 υ
402 3995 425 4043 σ
437 3985 456 4042 θ
469 4001 489 4043 α
503 3997 521 4044 α
546 3978 585 4044 Ε.
604 3983 665 4046 139
678 3982 736 4046 τὸν
751 3981 1009 4059 προβατοπώλην
1025 3978 1065 4058 ἠν
1081 3977 1132 4059 ἄρ’
1149 3981 1324 4046 ἀπολέσθαι
1339 3985 1444 4060 χρεὼν

166 4085 231 4150 ὑπὸ
257 4087 486 4164 βυρσοπώλου;

211 4189 246 4254 L.
271 4195 335 4256 760
361 4194 424 4258 ὑπὸ
455 4198 520 4260 τῶν
554 4193 926 4271 γλαυκῶν-ἀπόλλυμαι
960 4197 1030 4272 ταῖς
1057 4195 1260 4273 ἀγρυπνίαισι
1283 4201 1443 4274 κακκαβα·

166 4301 296 4362 {onorio
318 4299 376 4378 ἀεί,
400 4298 441 4364 de
466 4317 530 4381 quo
555 4300 575 4364 l.
601 4299 642 4366 et
666 4300 766 4366 Mein.
791 4298 890 4365 Vind.
915 4317 946 4383 p.
974 4305 1045 4370 129.
1070 4301 1263 4368 Bernhardi.
1288 4319 1317 4382 p.
1344 4304 1420 4367 263.

212 4402 269 4471 Εα.
297 4409 379 4472 1079
405 4405 547 4486 ἢν-ύφ’
570 4407 884 4486 ὑμῶν-ἀπόλωμαι.

211 4513 329 4591 πάσχ
343 4534 357 4577 ε
371 4537 379 4578 ι
393 4532 423 4580 νε
447 4516 485 4580 Α.
513 4515 576 4580 166
601 4512 1000 4594 ταυτί-πάσχοντα-ύπ’
1026 4515 1154 4592 ἀνδρῶν
1177 4519 1358 4595 βαρβάρων.
1380 4519 1444 4580 377

165 4619 229 4682 ono
255 4619 401 4698 Κλέωνος
426 4619 561 4687 daneon.
1316 4629 1321 4636 ’
