3328 5370
643 440 821 502 ‚55-

129 606 178 680 δή
192 625 214 680 μ
228 623 247 667 ο
261 623 288 681 ς;
312 604 351 668 Ε.
377 607 439 668 723
464 606 564 686 ἴωμεν
588 606 632 684 εἰς
648 608 705 671 τόν
720 611 762 687 5.,
777 607 832 674 αλιι
849 609 947 674 Mein.
966 608 999 676 in
1017 629 1091 676 ann.
1109 627 1154 674 er.
1173 611 1238 690 ,ὡς
1255 606 1362 694 vulgo,

80 710 204 791 iuquit,
231 711 320 792 quod
336 715 587 779 revocandum“.
606 713 745 778 Videtur
762 714 864 797 igitur
881 722 983 796 δῆμον
1000 717 1194 802 intellegere
1211 719 1365 797 Demum‚

78 836 148 882 non
172 819 345 900 populum,
371 820 458 902 quod
474 820 555 887 nihil
572 840 655 903 opus
672 826 734 888 est.
752 820 946 891 Collectivis
962 844 1040 891 vero
1064 825 1120 892 dr.
1141 827 1185 904 ὡς
1202 845 1363 908 nusquam

79 925 235 1010 adiungit
260 926 407 1010 (Baehm.
431 950 462 1012 p.
491 929 579 1014 113).

131 1057 153 1098 rr
166 1056 186 1098 α
198 1055 216 1100 ν
229 1033 248 1113 ή
263 1057 282 1115 γ
295 1059 314 1100 υ
327 1057 345 1114 ρ
359 1059 368 1099 ι
380 1056 406 1116 ςε
431 1035 467 1102 P.
493 1041 565 1140 342Ι
582 1037 626 1116 εἰς
649 1037 841 1118 πανηγύρεις
865 1045 1009 1120 θεωρεῖν,
1035 1041 1123 1124 quod
1146 1042 1215 1110 seh.
1240 1039 1270 1102 V
1286 1042 1364 1122 πέμ-

86 1147 206 1206 πεσθαι
227 1145 375 1222 θεωροὺς
397 1145 440 1223 εἰς
463 1166 538 1209 παν.
561 1144 813 1227 interpretatur.

137 1249 243 1330 χορό
259 1270 286 1328 ςῑ
313 1247 351 1315 Ε.
377 1253 441 1316 559
466 1248 551 1330 δεῦρ’
576 1247 640 1316 ἔλθ’
665 1251 709 1330 εἰς
733 1254 842 1333 χορόν.

135 1355 168 1420 Ν.
193 1359 258 1421 564
284 1357 375 1436 Ζῆνα
396 1359 555 1437 τύραννον
575 1359 623 1438 εἰς
646 1361 892 1438 χ.-κικλήσκω.

133 1467 189 1532 Th.
217 1472 306 1534 1137
329 1470 626 1548 Παλλάδα-δεῦρο
651 1468 848 1548 καλεῖν-εἰς
872 1492 902 1550 χ.

131 1573 182 1638 Fr.
208 1577 285 1652 334,
307 1580 324 1638 2
344 1577 478 1655 Χάριτας
496 1581 575 1657 βοᾶν
591 1577 634 1654 εἰς
649 1598 678 1656 χ.
696 1580 757 1642 641
776 1576 888 1661 (corr.)
911 1578 955 1656 εἰς
979 1580 1055 1658 τοὺς
1071 1580 1219 1658 κυκλίους
1241 1600 1270 1658 χ.
1288 1579 1365 1658 μέλη

86 1681 309 1761 εἰσηνέγκατο.

131 1791 162 1872 6)
185 1789 368 1856 Praeterea
391 1792 436 1874 εἰς
459 1790 658 1871 nominibus,
682 1793 804 1856 statum
827 1792 897 1856 sive
921 1791 1139 1858 conditionem
1158 1797 1192 1858 et
1208 1792 1368 1858 actionem

87 1897 361 1979 significandae,
386 1899 588 1976 adiunctum,
613 1899 740 1982 aliquid
776 1899 811 1964 in
850 1919 924 1964 eum
958 1904 1080 1966 statum
1118 1901 1168 1965 vel
1196 1900 1363 1966 actionem

91 2005 206 2070 adduci
233 2005 368 2072 indicat.
393 2006 431 2072 In
457 2024 520 2089 quo
545 2026 683 2075 nurnero
709 2007 853 2072 omnium
878 2006 1147 2090 frequentissima
1172 2006 1365 2074 estlocutio

90 2113 130 2191 εἰς
152 2115 255 2190 λόγον
279 2114 425 2197 (λόγους)
452 2115 566 2191 ἐλθεῖν,
591 2115 669 2179 ἰέναι
701 2118 762 2179 ete.
797 2115 877 2196 „ire,
916 2115 1028 2180 venire
1064 2115 1098 2182 in
1135 2113 1367 2197 colloquium“,

89 2242 182 2304 quam
208 2221 318 2306 primo
341 2223 416 2288 loco
444 2242 573 2306 ponam.

130 2329 170 2396 E.
196 2333 263 2395 806
290 2331 334 2407 εἰς
356 2331 454 2407 λόγον
477 2332 590 2396 ἐλθών.
619 2333 703 2394 1300
727 2335 888 2396 Ξυνελθεῖν
912 2331 957 2410 εἰς
984 2327 1096 2406 λόγον.

135 2436 172 2503 Ν.
197 2443 262 2502 251
282 2439 490 2516 ξυγγενέσθαι
505 2443 575 2517 ταῖς
591 2439 775 2520 νεφέλαισγν
792 2438 836 2515 εἰς
853 2438 981 2518 λόγους.
997 2439 1062 2502 470
1080 2439 1124 2517 εἰς
1140 2439 1238 2514 λόγον
1254 2439 1368 2503 ἐλθεῖν.

134 2548 175 2613 V.
199 2549 377 2610 472-473
393 2543 463 2612 ἔσθ’
478 2545 569 2624 ὅπως
584 2545 744 2628 (ἂν)-εἰς
757 2546 875 2623 λόγους
888 2545 1031 2626 ἔλθοιμεν
1045 2546 1209 2624 ἀλλήλοισι
1221 2548 1271 2612 καὶ
1282 2550 1368 2610 διαλ-

90 2652 336 2732 λαγάς-σούς
360 2653 478 2731 λόγους
503 2657 578 2730 κτλ.;
603 2652 659 2717 ubi
683 2651 766 2729 οοιίς
791 2656 882 2718 reete
906 2651 1111 2726 aDindortio
1129 2657 1162 2716 et
1176 2651 1367 2734 Hirsehigio

91 2761 284 2830 restitutum
309 2765 361 2826 est
383 2779 443 2842 pro
467 2762 521 2825 σοί
546 2759 708 2837 codicum,
733 2760 798 2826 nisi
836 2759 924 2840 quod
948 2759 1020 2838 σοίς
1059 2758 1204 2824 scribere
1245 2759 1367 2835 malim,

92 2868 176 2950 quod
200 2873 233 2931 et
259 2885 298 2931 ex
322 2867 376 2932 σοὶ
399 2867 444 2944 εἰς
468 2865 547 2930 oriri
571 2883 707 2930 neeesse
732 2863 794 2930 luit
817 2869 851 2930 et
874 2864 1003 2932 facilius
1038 2864 1072 2928 in
1108 2863 1161 2929 σοί
1196 2862 1363 2946 corrumpi

92 2975 210 3055 potuit.

135 3085 194 3147 Αν.
220 3085 285 3146 258
307 3082 346 3146 ἴτ’
369 3082 413 3160 εἰς
437 3082 563 3157 λόγους,
593 3078 650 3143 ubi
686 3083 795 3144 tamen
831 3080 876 3157 εἰς
910 3078 1021 3160 patius
1059 3078 1233 3146 eonsilium
1270 3078 1367 3144 eundi

94 3188 266 3272 signifieat.

135 3297 173 3361 L.
196 3301 262 3362 468
285 3297 313 3360 τί
335 3300 447 3361 τοῖσδε
472 3295 594 3360 σαυτόν
618 3295 662 3371 εἰς
685 3294 783 3370 λόγον
801 3296 870 3370 τοῖς
894 3293 1015 3370 θηρίοις
1047 3294 1227 3370 συνάπτεις
1267 3291 1370 3372 „Her-

95 3404 265 3470 aerdenus
294 3403 403 3486 (daal.
429 3403 501 3468 crit.
527 3421 559 3483 ρ.
586 3403 642 3481 td)
667 3401 767 3466 scribi
792 3399 892 3466 iussit
914 3401 948 3476 ές
972 3399 1098 3476 λόγους,
1125 3399 1201 3480 quia
1216 3402 1370 3471 coartan-¹

95 3513 141 3574 ter
164 3511 303 3576 dicatur:
329 3511 373 3588 εἰς
398 3511 517 3587 λόγους
541 3513 653 3584 ἐλθεῖν,
679 3513 858 3586 συνελθεῖν,
881 3508 1052 3587 ἀφικέσθαι
1078 3506 1152 3570 sira.
1189 3505 1283 3583 Quod
1308 3504 1367 3569 fal-

97 3618 262 3684 sissimum
283 3622 344 3683 est.
369 3618 424 3683 Ar.
453 3599 556 3682 certe
565 3617 755 3700 promiscue
781 3615 927 3700 (7-ies)
952 3614 1034 3679 dixit
1057 3616 1101 3692 εἰς
1125 3616 1243 3694 λόγους
1267 3619 1301 3680 et
1325 3616 1370 3693 εἰς

97 3725 209 3802 λόγον“
234 3726 383 3796 (Βαολια.
407 3747 438 3808 p.
465 3729 533 3806 51).

138 3833 258 3900 Rarius
283 3834 701 3913 οεῖείςπράγματα

140 3941 174 4004 Ν.
203 3947 286 4008 1455
311 3943 456 4022 στρέψας
480 3944 619 4006 σεαυτόν
636 3942 680 4017 εἰς
697 3941 826 4018 πονηρὰ
841 3939 1018 4016 πράγματα,
1037 3939 1091 4002 ubi
1109 3939 1153 4016 εἰς
1170 3939 1252 4018 „ad“
1271 3937 1370 4002 valet.

140 4047 173 4117 L.
198 4051 263 4114 420
287 4049 404 4116 τοιαῦτ’
426 4047 580 4126 ἀπήντηκ’
606 4049 649 4126 εἰς
672 4049 792 4112 τοιαυτὶ
815 4046 983 4125 πράγματα
1010 4046 1110 4128 „talia
1135 4047 1168 4110 in
1191 4047 1273 4110 haee
1296 4064 1370 4110 eva·

99 4153 171 4222 dere
196 4157 335 4225 solent“.
618 4236 620 4244 Ι

141 4261 195 4332 Th.
221 4267 281 4330 651
309 4263 353 4341 εἰς
377 4261 420 4327 οἷ’
445 4263 583 4340 ἐμαυτόν
606 4260 789 4328 εἰσεκύλισα
812 4280 865 4338 πρ.
902 4263 966 4324 167
998 4259 1069 4338 κᾶμ’
1106 4260 1289 4338 εἰσκυλίσας
1326 4257 1370 4334 εἰς

101 4374 217 4440 τοιαυτὶ
239 4392 293 4451 πρ.

143 4481 257 4548 Cetera
281 4477 428 4561 exempla
451 4474 533 4540 haee
557 4481 642 4540 sunt:
