3328 5370
640 489 816 550 ..59...

118 658 168 723 N.
197 659 286 724 1204
310 657 354 736 είς
377 657 516 737 ἐμαυτὸν
538 658 589 722 καὶ
610 656 667 721 τὸν
690 653 760 721 υίδν
786 653 1075 740 τουτονί-ᾀστέον
1099 653 1314 733 μούγκώμιον.

116 766 163 832 Ρ.
193 767 280 830 1300
305 765 350 843 εἰς
373 765 430 830 τὸν
454 767 577 830 σαυτοῦ
599 760 709 841 πατέρ’
735 765 834 847 ᾄδεις.

121 877 187 938 Αν.
215 875 302 937 1416
326 873 373 950 εἰς
394 871 556 951 θοίμάτιον
576 871 615 936 τὸ
638 871 770 937 σκόλιον
794 873 892 955 ᾄδειν.

121 979 162 1046 L.
191 983 280 1043 1244
303 975 344 1044 ἵν’
369 980 433 1056 ἐγὼ
446 979 599 1044 -ἀείσω
631 980 730 1058 καλρν
754 981 788 1058 ἐς
809 982 875 1059 τὼς
898 975 1080 1057 Ἀσαναίως
1100 999 1134 1043 τε
1157 973 1228 1059 χᾰμ’
1253 974 1358 1056 ἄειαμ’

73 1086 152 1167 ἁμᾷ
174 1082 330 1167 (liaconis
354 1082 455 1149 verbo
478 1083 577 1166 eunt).

128 1191 185 1259 Fr.
207 1194 286 1270 491,
310 1194 329 1254 3
354 1192 481 1275 ᾄδωμεν
505 1191 551 1270 είς
572 1190 630 1256 τὸν
653 1190 815 1270 δεσπότην
838 1192 1004 1272 ἐγκώμιον.

133 1298 435 1363 αἰνίττεσθαι
470 1295 525 1379 (of.
551 1297 606 1362 Αν.
644 1300 718 1373 970,
753 1298 809 1362 ubi
844 1297 958 1362 eodem
994 1316 1092 1364 sensu
1127 1297 1270 1379 positum
1307 1300 1361 1362 est

80 1404 181 1488 πρός)
209 1403 359 1485 „occulte
383 1402 469 1486 olqm
494 1403 568 1486 μίαν.
589 1422 626 1468 re
651 1401 870 1486 significaret
893 1403 932 1468 Ε.
958 1407 1040 1470 1096
1055 1403 1113 1484 τὴν
1130 1401 1357 1484 Κυλλήνην-δ

78 1511 208 1591 Φοῖβος
231 1511 277 1588 εἰς
300 1512 358 1589 τὴν
381 1508 460 1590 χείρ’
485 1510 592 1590 ὀρθῶς
614 1511 742 1597 ᾐνίξατο
766 1512 824 1590 τὴν
839 1511 1043 1589 Διοπείθους.

123 1616 163 1682 P.
190 1621 231 1682 41
258 1616 305 1695 είς
329 1618 458 1683 Κλέωνα
480 1614 564 1682 τοῦτ’
590 1617 778 1684 αἰνίσσεται.

125 1725 341 1804 ἐρείδειν
366 1730 400 1790 et
422 1746 445 1789 π
458 1746 476 1789 o
491 1747 499 1789 ι
512 1728 588 1790 etv:
614 1723 656 1794 N.
694 1729 793 1792 557-
805 1731 869 1792 568
891 1727 1068 1806 Ἕρμιππος
1080 1763 1124 1774 --
1136 1727 1288 1805 ἐποίησεν
1311 1727 1358 1807 είς

75 1833 294 1912 Ὑπέρβολον,
320 1831 410 1896 ἄλλοι
432 1829 459 1896 τ’
486 1833 546 1911 ἤδη
569 1831 688 1911 πάντες
712 1833 891 1912 ἐρείδουσιν
922 1833 966 1910 είς
999 1831 1204 1911 Ὑπέρβολον,
1239 1832 1306 1907 ubi,
1332 1832 1359 1897 si

77 1939 187 2006 schol.
216 1937 304 2002 Viot.
329 1936 410 2003 fides
441 1938 546 2004 dando
569 1943 631 2019 est,
661 1940 820 2019 ἐρείδουσι
856 1939 943 2004 idem
977 1944 1028 2004 est
1062 1942 1163 2021 etque
1196 1939 1360 2017 ἐδραιοίλσι

80 2048 139 2124 τὰς
165 2046 293 2110 ἑαυτῶν
317 2045 494 2128 κωμῳδίας,
527 2045 585 2110 sed
622 2045 733 2112 nescio
768 2065 809 2112 en
842 2046 960 2111 lotioro
994 2062 1094 2112 sensu
1129 2043 1359 2128 („inseotori“)

81 2153 213 2218 dictum
238 2151 292 2221 sii
751 2199 755 2206 -

127 2261 188 2327 Αν.
215 2262 280 2324 917
304 2261 382 2339 μέλη
406 2256 552 2340 πεποίηκ’
577 2260 702 2340 εἰςτὰς
726 2261 1033 2342 Νεφελοκοκκυγίας.
1060 2264 1124 2327 949
1149 2262 1206 2339 κάς
1228 2262 1286 2340 τὴν
1300 2260 1358 2328 πό·

80 2367 312 2447 λιν-ποιήσω
335 2369 446 2435 τοιαδί.

125 2477 169 2542 R.
199 2479 284 2544 1048
309 2474 419 2554 ἃ-είς
442 2478 501 2555 τὰς
523 2475 690 2556 ἀλλοτρίας
706 2479 832 2556 ἐποίεις.

127 2585 298 2660 λέγεινε
324 2582 383 2647 Αν.
408 2584 471 2647 963
495 2584 789 2665 χρησμὸς-λέγων
810 2586 854 2661 είς
880 2589 937 2665 τὰς
966 2586 1272 2667 Νεφελοκοκκυγίας.

128 2690 508 2769 στωμύλλεσθαιι
532 2689 569 2756 Ρ.
595 2693 658 2755 996
688 2693 745 2770 τὰς
779 2693 934 2771 ὑπονοίας
967 2693 1021 2772 αίς
1056 2690 1293 2773 στωμυλλόμεθ’
1317 2693 1361 2770 είς

82 2799 256 2876 ἀλλήλους.
792 2785 796 2794 “

129 2905 192 2969 Hie
215 2900 304 2968 oddo
325 2902 462 2968 verbum
488 2901 655 2988 cogitandi

129 3013 368 3077 ὑπονοεῖν
403 3009 452 3073 Pl.
486 3012 546 3073 361
578 3012 619 3074 σὺ
644 3015 742 3090 μηδὲν
766 3015 810 3092 εἰς
834 3011 881 3095 ἔμ’
907 3016 924 3080 ιλ
950 3017 1044 3081 ῑονόει
1067 3016 1234 3082 τοιουτονί.

128 3120 164 3201 d)
187 3119 326 3184 Duobus
348 3118 488 3199 deniquo
511 3117 595 3184 iocis
619 3119 663 3197 εἰς
687 3137 820 3184 oausam
844 3122 992 3188 indicare
1016 3123 1157 3189 videtur.

130 3225 170 3292 Ε.
196 3229 238 3290 90
263 3225 354 3291 οἶνον
377 3225 421 3304 εἰς
445 3227 586 3292 ἐπίνοιαν
609 3231 779 3306 λοιδορεῖν,
804 3229 859 3294 ubi
883 3251 912 3298 v.
938 3229 1041 3300 Kook.

129 3333 167 3396 P.
193 3335 257 3395 740
283 3333 327 3410 είς
350 3335 389 3398 τὰ
414 3334 507 3413 ῥάκια
531 3335 750 3414 σκώπτοντας.

132 3442 166 3522 2)
187 3439 315 3516 Quibus
340 3428 510 3520 expositio,
534 3440 574 3504 de
598 3459 635 3504 eo
662 3459 724 3506 usu
749 3443 793 3520 εἰς
815 3445 1072 3525 praepositionis
1100 3446 1258 3521 dicamne,
1286 3463 1359 3511 corn

87 3546 184 3623 tinem
207 3545 444 3624 consiliumque
468 3547 585 3629 egendi
611 3546 783 3627 significat,
814 3549 846 3613 id
870 3552 954 3632 quod
978 3551 1087 3616 Latini
1114 3553 1193 3633 ,μιαί
1219 3568 1360 3635 praepo·

89 3653 219 3733 sitione,
242 3672 302 3718 nos
329 3671 422 3734 „nnn
446 3655 507 3718 ναί
534 3654 605 3718 siro.
632 3655 817 3736 exprimere
843 3657 999 3724 solemus.

131 3761 165 3841 a)
187 3760 232 3826 Et
253 3760 396 3842 primum
423 3760 551 3840 quidem
578 3761 621 3837 id,
647 3761 743 3826 ouius
767 3780 867 3827 cansa
892 3764 1016 3845 aliquid
1040 3766 1158 3848 agitur,
1178 3766 1285 3848 ipsum
1303 3763 1363 3831 oli·

91 3885 152 3947 qua
186 3868 270 3932 aetio
304 3871 416 3949 potest
453 3885 527 3932 esse
564 3868 633 3950 (ubi
672 3867 787 3934 Latine
825 3873 899 3951 „ut“
944 3890 1016 3936 curn
1051 3871 1261 3938 coniunctivo
1295 3873 1362 3938 diei

90 3977 221 4060 potest).
246 3975 363 4041 Utrum
382 3978 493 4039 autem
516 3993 660 4052 sensum,
684 3975 827 4040 ootivurn
852 3995 893 4042 on
916 3977 1094 4059 passivum,
1120 3981 1360 4046 substantivum

92 4082 217 4148 verboie
242 4082 372 4157 habent,
395 4099 414 4145 e
440 4080 650 4146 cohaerentia
678 4083 837 4149 orationis
861 4085 990 4150 eruitur
1014 4086 1131 4169 (veluti
1155 4087 1199 4164 εἰς
1217 4088 1363 4155 ἐπίδειξιν

91 4192 197 4266 potest
219 4189 329 4254 velere
353 4193 386 4253 ot
411 4191 468 4270 „ut
490 4189 641 4255 ostendet
663 4189 735 4271 alqs
768 4189 865 4272 olqd“
900 4196 936 4256 et
968 4191 1039 4273 ipee
1067 4197 1124 4273 „ut
1146 4193 1357 4260 οείοιιδρίατί

92 4295 139 4358 vei
161 4314 219 4379 ,se
243 4295 436 4378 ostenden).

132 4399 167 4464 N.
191 4407 255 4469 269
280 4398 505 4486 ἔλθετε-τῷδ’
534 4401 578 4480 εἰς
600 4403 742 4472 ἐπίδειξιν
769 4408 829 4486 „ot
849 4421 909 4470 vos
933 4405 1150 4472 ostendetis“.

134 4507 171 4604 Y.
196 4513 259 4574 900
283 4509 421 4588 ἄνοντος
444 4511 488 4588 είς
511 4511 684 4587 σωπνρίαν.
712 4512 774 4574 662
797 4511 907 4590 πάσας
930 4513 1045 4591 φωνὰς
1075 4513 1188 4578 ἱέντων
1211 4513 1255 4592 εἰς
1279 4512 1360 4578 ἀπό-

96 4619 204 4688 φευξιν.
228 4621 292 4680 046
316 4617 470 4697 παντοίας
492 4619 616 4684 πλέκειν
640 4620 685 4698 είς
709 4619 888 4700 ἀπόφευξιν
910 4620 1071 4700 παλάμας.
