3298 5368
803 453 981 512 ...93-

262 675 271 692 ,
301 619 357 682 Αν.
384 619 449 681 320
473 613 525 682 ἀπ’
552 619 734 694 ἀνθρώπων
758 619 900 696 ἀφῖχθαι.
924 620 990 681 893
1014 613 1125 682 ἄπελθ’
1151 617 1207 694 ἀφ’
1233 618 1335 696 ἡμῶν.

301 723 345 792 Pl.
371 725 412 786 66
438 725 684 802 ἀπαλλάχθητον
707 722 761 788 ἀπ’
785 725 876 800 ἐμοῦ.
902 727 966 788 604
991 721 1059 801 ἔρρ’
1079 726 1115 802 ἐς
1142 724 1387 804 κόρακας-ἀφ’
1409 724 1516 804 ἡμῶν.
1617 761 1618 822 3

298 833 329 912 e)
350 830 507 894 Actiones
520 828 660 895 alicuius
676 833 800 896 nomini
815 831 1094 912 praepositionem
1112 831 1253 895 additam
1268 829 1323 895 hic
1338 832 1537 896 invenimus:
1617 887 1618 899 ,

297 937 337 1002 V.
368 942 444 1002 1401
473 940 538 1003 ἀπὸ
561 939 693 1020 οείπνορ
719 942 896 1017 βαδίζοντα,
921 957 1117 1019 quamquam
1142 936 1204 1002 hoe
1234 937 1322 1015 loeo,
1357 943 1396 1002 ut
1425 939 1537 1003 tribus
1617 953 1618 958 ’

254 1043 339 1128 aliie,
363 1047 418 1126 qui
444 1051 633 1130 sequuntur,
658 1046 757 1109 etiam
782 1045 974 1126 temporalis
999 1046 1145 1109 notionis
1176 1043 1302 1126 aliquid
1317 1047 1427 1110 inesse
1460 1049 1537 1125 pot

253 1157 305 1215 est
328 1152 488 1235 („p0st“).

299 1257 335 1320 P.
361 1259 424 1321 839
450 1257 514 1322 ἀπὸ
542 1259 892 1336 δείπνου-βαδίζουσι.

297 1363 356 1427 Th.
385 1367 468 1427 1169
494 1365 558 1429 ἀπὸ
581 1369 638 1442 τῆς
661 1370 812 1442 στρατιᾶς
834 1368 996 1441 παροῦσιν
1022 1365 1082 1445 „ab
1100 1363 1305 1444 expeditione
1320 1355 1534 1430 redu'c'rbus‘.

301 1470 358 1534 lle.
385 1473 448 1534 627
473 1473 625 1549 ἀπιόντας
649 1472 795 1536 ἀπὸτοῦ
819 1474 960 1536 δείπνου.

302 1574 425 1642 alodem
449 1579 595 1659 pertinet
617 1579 708 1643 loeus

299 1687 337 1750 R.
363 1688 427 1748 962
451 1687 516 1750 ἀπὸ
540 1688 597 1749 τοῦ
621 1689 757 1765 φρονεῖν
789 1685 997 1762 ἀποσπάσας.

299 1792 327 1874 t)
351 1789 401 1854 Ex
423 1791 532 1857 verbis
555 1790 719 1871 capiendi,
740 1789 882 1870 serendi,
907 1792 1060 1870 rapiendi
1083 1793 1156 1856 sim.
1179 1791 1303 1856 locutio
1334 1789 1533 1873 praepositi·

254 1897 359 1963 onalis
383 1899 434 1963 his
458 1900 541 1964 locis
565 1899 689 1980 pendet
713 1897 783 1980 (ubi
807 1898 972 1962 interdum
999 1899 1062 1962 άπό
1093 1898 1217 1979 aliquid
1253 1917 1292 1960 ex
1314 1897 1531 1963 interioribus

252 2005 400 2085 partibus
424 2006 548 2071 auferri
573 2006 762 2088 significare
787 2005 927 2081 videtur,
951 2013 988 2068 ut
1009 2003 1046 2067 E.
1073 2010 1147 2069 744.
1181 2005 1220 2071 1..
1250 2008 1325 2068 328.
1361 2006 1403 2070 R.
1437 2004 1527 2087 943).

296 2113 335 2176 A.
362 2118 424 2177 584
448 2115 528 2193 φέρε
550 2135 610 2178 νυν
633 2113 697 2178 άπὸ
720 2116 777 2176 τοῦ
802 2115 942 2190 κράνους
968 2133 1019 2190 μοι
1042 2114 1079 2176 τὸ
1102 2113 1220 2188 πτερόν
1246 2110 1316 2192 (ubi
1353 2115 1410 2191 δός
1432 2111 1529 2177 simul

252 2218 360 2283 audiri
383 2220 564 2284 verisimile
589 2220 662 2302 est).
687 2219 812 2284 Iniuria
836 2219 915 2282 mihi
930 2219 1062 2282 ridetur
1079 2219 1270 2284 lleinekeus
1288 2219 1398 2299 (Viud.
1415 2241 1446 2302 p.
1475 2221 1528 2299 ll)

252 2333 287 2387 et
309 2325 538 2392 Baehmannus
563 2330 608 2409 (p.
634 2326 690 2409 37)
715 2324 890 2391 articulum
908 2329 946 2390 τό
969 2326 1089 2390 delere:
1106 2345 1180 2390 nam
1206 2325 1432 2409 Dioaeopolis‚
1451 2346 1528 2408 pen·

253 2451 326 2495 nam
352 2441 515 2512 spectans,
539 2433 695 2498 Lamachi
719 2435 831 2516 galeae
855 2434 1000 2510 infixam,
1026 2435 1066 2496 ab
1092 2449 1141 2507 eo,
1171 2439 1208 2495 ut
1237 2433 1300 2497 sibi
1333 2435 1398 2512 det,
1435 2434 1525 2516 petil,

252 2537 392 2604 fortasse
417 2541 516 2604 etiam
541 2541 646 2622 digito
671 2560 743 2605 eam
767 2541 1007 2616 demonstrant,
1041 2546 1167 2604 utnon
1191 2540 1235 2604 sit
1261 2538 1423 2623 „aliquam
1448 2559 1523 2622 pen·

252 2643 360 2727 nam“‚
385 2645 442 2711 sed
468 2648 593 2729 „hanoe
617 2652 792 2730 pennam“.
817 2648 969 2712 Ceterum
996 2647 1159 2712 Meinekei
1186 2649 1379 2712 coniectura
1403 2652 1455 2727 μοὶ
1469 2649 1523 2724 δὸς

251 2757 368 2831 πτερόν
392 2755 444 2818 vel
471 2773 510 2820 eo
535 2755 703 2820 reicienda
728 2761 790 2834 est,
815 2756 902 2836 quod
924 2758 981 2818 Ar.
1005 2755 1038 2819 in
1062 2754 1123 2818 hae
1147 2755 1301 2832 formula,
1318 2757 1346 2820 si
1364 2755 1522 2820 obiectum

252 2862 352 2924 verbo
377 2861 557 2941 praecedit,
583 2865 634 2940 μοὶ
660 2862 730 2938 ode,
755 2866 806 2925 sin
832 2861 995 2926 obiectum
1019 2863 1241 2942 postponitur,
1267 2863 1324 2940 δός
1348 2885 1400 2940 μοι
1417 2863 1521 2926 dicere

252 2966 338 3030 solet
370 2967 583 3049 (Baehmanu.
610 2969 726 3032 Philol.
753 2969 783 3028 V
808 2967 920 3050 Suppl.
946 2989 976 3050 p.
1009 2971 1256 3051 246).-1023
1295 2972 1338 3033 Γε.
1363 2971 1522 3048 ἐπετρίβην

252 3073 417 3150 ἀπολέσας
439 3077 484 3138 τὼ
511 3075 575 3152 βόε.
600 3076 654 3137 Δι.
676 3076 795 3153 Πάθεν;
822 3077 842 3138 Γ
842 3097 868 3138 ε.
893 3073 972 3139 Ἀπὸ
1007 3076 1114 3152 Φαλῆς
1150 3074 1269 3154 ἔλαβον
1304 3077 1334 3138 οἱ
1375 3078 1521 3140 Βοιώτιοι.

251 3179 467 3263 Bambergius
492 3180 605 3263 (1885,
629 3200 660 3263 p.
688 3189 717 3264 7,
741 3202 812 3246 ann.
842 3184 874 3265 3)
901 3189 934 3246 et
957 3181 1185 3248 Baehmanuus
1210 3182 1341 3263 (Philol.
1367 3181 1522 3263 VSuppl.

250 3305 282 3366 ρ.
308 3288 386 3370 243)
411 3286 528 3352 breves
552 3289 712 3352 tribrachi
738 3290 879 3371 syllabas
904 3290 992 3353 inter
1022 3288 1103 3354 duas
1132 3306 1292 3370 personas
1330 3285 1519 3354 distributas

251 3411 315 3457 nou
339 3392 492 3467 ferentes.
518 3397 747 3463 Baohmannus
772 3397 870 3460 etiam
908 3398 1068 3461 sermonis
1106 3396 1221 3460 titium
1251 3395 1360 3460 inesse
1397 3402 1520 3480 putam,

251 3500 315 3562 ἀπὸ
339 3501 377 3564 Φ.
403 3503 626 3569 coniecerunt.
649 3504 735 3568 Illud
761 3501 923 3567 sermonis
947 3503 1073 3583 vitium,
1111 3504 1143 3568 in
1180 3521 1243 3584 quo
1270 3504 1401 3568 Bachm.
1428 3499 1519 3567 offen-

251 3607 309 3685 dit,
332 3607 394 3672 hoe
420 3617 480 3675 est:
506 3613 533 3676 si
557 3613 658 3676 verba
683 3614 746 3676 ἀπὸ
770 3612 820 3686 Φ.,
837 3611 953 3692 inquit,
974 3612 1014 3674 ad
1031 3612 1149 3691 ἔλαβον
1165 3610 1300 3692 referas,
1318 3630 1401 3675 vana
1419 3610 1520 3674 oratio

250 3713 466 3802 ost(‚‚klingt
489 3718 642 3782 ziemlioh
666 3718 947 3800 nichtssagend“);
974 3739 1046 3781 eum
1072 3720 1101 3781 οἱ
1134 3719 1167 3780 Β.
1205 3725 1315 3781 autem
1352 3736 1392 3781 ea
1427 3716 1519 3780 verba

251 3822 405 3904 coniungi
429 3842 493 3886 non
516 3832 665 3904 possunt.
690 3821 759 3908 Ego
784 3844 862 3889 vero
887 3830 1014 3889 tautum
1037 3826 1138 3900 abest,
1176 3829 1213 3888 ut
1235 3824 1338 3888 ullum
1364 3823 1519 3900 sermonis

251 3928 365 3994 vitium
391 3929 425 3994 iu
451 3932 599 3996 codicum
624 3934 788 4013 scriptura
812 3933 953 4003 videam,
989 3938 1025 3995 ut
1047 3931 1235 4010 Bambergii
1258 3931 1518 4012 Baohmanuique

251 4035 426 4102 lectionem
452 4057 470 4100 a
495 4041 659 4104 sententia
682 4040 746 4103 loci
770 4039 913 4102 alienam
939 4057 1012 4102 esse
1038 4037 1232 4102 existimem.
1258 4036 1340 4100 Nam
1363 4037 1428 4102 loei
1452 4055 1519 4102 sen·

250 4142 352 4207 tentia
374 4144 455 4209 haee
481 4156 541 4210 est:
566 4153 739 4229 postquam
760 4147 905 4227 agricola
924 4143 1025 4210 boves
1050 4163 1084 4210 se
1112 4145 1264 4210 amisisse
1289 4144 1381 4220 dixit,
1406 4143 1518 4208 Dicae-

252 4250 367 4330 opolis‚
392 4252 449 4316 ubi
474 4252 523 4332 (ef
554 4253 611 4318 Th.
638 4255 715 4334 826)
739 4253 773 4317 id
797 4252 919 4316 factum
945 4254 997 4328 sit,
1024 4251 1161 4332 quaerit.
1186 4253 1237 4317 Ad
1262 4269 1345 4332 quae
1383 4251 1448 4316 ille:
1481 4266 1519 4332 ,a

249 4357 382 4438 I’lryla“‚
407 4357 514 4440 inquit
535 4361 634 4441 (.‚upu
661 4361 723 4424 Φ.“
747 4379 808 4428 uos
833 4357 1033 4437 diceremus
1059 4379 1087 4422 ν.
1112 4379 1143 4440 ρ.
1170 4360 1236 4440 67),
1264 4377 1341 4437 „eos
1366 4361 1518 4440 oeperunt

249 4468 314 4546 (vel
339 4471 533 4549 abegerunt)
557 4475 615 4538 B.“
640 4471 725 4535 Illud
749 4479 858 4535 autem
882 4470 1049 4533 hominum
1075 4470 1248 4534 doctorum
1277 4470 1340 4534 ἁπὸ
1376 4471 1415 4534 Φ.
1451 4487 1519 4534 som

249 4574 370 4637 tentiae
395 4594 459 4640 non
485 4576 566 4642 satis
590 4578 777 4658 respondet:
817 4577 989 4641 nonenim
1016 4576 1101 4641 unde
1125 4575 1173 4639 illi
1198 4576 1306 4641 Boetii
1329 4574 1459 4652 luerint
1483 4591 1518 4638 ex
