3298 5368
635 475 836 540 -l37-

99 645 158 709 Ar.
185 649 220 707 et
241 642 408 709 Lucienus
432 641 581 724 (Lexiph.
605 658 635 709 c.
660 645 679 706 8
704 643 754 707 ἐπὶ
785 643 845 720 τὴν
881 645 1039 722 κατήλιφα
1066 635 1386 724 άναρριχησάμενσςῖ

98 751 217 834 potina
240 751 285 828 είς
308 750 557 833 praepositione
581 748 633 816 uei
657 755 779 825 essent,
806 753 843 814 ut
867 747 1029 815 Homerus
1050 749 1096 828 είς
1116 751 1266 834 ὑπερῷον
1289 747 1378 827 dicit,

97 873 167 924 non
193 852 247 938 ἐφ’
270 860 323 922 bn.
347 857 439 922 Idem
475 854 687 922 confirmatur
721 855 833 921 verbis
869 856 1038 935 ἀναπηδᾶν
1071 861 1105 921 et
1138 835 1388 936 ἀναρριηάσθαι,Ι

97 966 188 1030 unde
211 967 319 1046 patet,
342 968 380 1029 ut
401 967 494 1029 recte
518 963 711 1046 Blapdesius
735 963 916 1041 annotavit,
938 969 1065 1046 parbem
1083 982 1154 1028 eam
1178 961 1281 1028 inisse
1299 964 1386 1028 sntia'

98 1069 270 1138 difficilem
297 1087 449 1154 ascensu,
474 1071 563 1153 qnod
587 1070 628 1135 ad
653 1067 808 1136 conclave
842 1069 1012 1153 pertinere
1043 1089 1107 1137 non
1131 1077 1240 1153 potest
1265 1069 1389 1153 (Pene-¹

98 1181 180 1262 lopa
204 1177 291 1244 enim
318 1177 404 1260 apud
427 1177 610 1243 Homerum
635 1177 884 1256 ἀναβαίνει
907 1179 1207 1263 circumierint
1230 1181 1265 1244 et
1288 1173 1387 1262 prae-¹

100 1285 240 1370 positio,
265 1291 300 1352 et
322 1285 380 1350 illa
403 1287 503 1351 verba
535 1304 609 1351 cum
644 1303 681 1349 re
711 1285 920 1362 conveniunt,
945 1285 974 1351 ai
999 1273 1142 1364 κατῆλιψ,
1167 1292 1204 1351 nt
1227 1287 1381 1366 μεσόδμη,

101 1399 156 1462 est
178 1395 217 1459 rb
240 1395 319 1471 μέγα
352 1391 447 1458 ξύλον
484 1392 548 1456 άπὸ
582 1394 639 1455 τού
672 1391 783 1469 ἑτέρου
805 1393 914 1472 τοίχου
937 1393 1022 1470 πρὸς
1046 1393 1104 1456 τὸν
1127 1393 1237 1471 ἕτερον
1261 1397 1381 1470 διῆκον,

101 1501 139 1566 ἔν
172 1521 208 1566 τε
240 1503 309 1576 τοῖς
342 1501 408 1562 τῶν
441 1499 642 1577 πανδοχείων
676 1499 776 1576 οἴκοις
799 1501 867 1576 τοῖς
890 1500 1047 1578 μεγάλοις,
1072 1500 1108 1565 ἐν
1136 1498 1188 1577 οίς
1210 1499 1318 1564 ἱστᾶσι
1341 1501 1388 1563 τά

101 1609 213 1686 κτήνη,
239 1608 290 1670 καί
326 1603 393 1669 κατ’
431 1603 531 1681 ἀγρὸν
565 1603 685 1682 ὁμοίως
709 1605 745 1670 ἐν
767 1607 836 1683 τοῖς
857 1609 1048 1684 γεωργικοῖς
1069 1605 1171 1683 οἴκοις
1197 1603 1383 1687 (Galenus).

104 1712 232 1778 Eodem
257 1714 387 1792 spectat
420 1708 652 1792 interpretatio
684 1711 785 1777 schol.
810 1709 851 1774 V:
877 1712 1004 1790 novior,
1029 1712 1065 1777 έν
1087 1714 1106 1794 ᾗ
1130 1713 1234 1777 πάντα
1256 1715 1295 1778 τά
1317 1735 1389 1776 πω-

102 1819 246 1900 λούμενα
280 1820 430 1884 τιθέασιν.
468 1816 610 1882 Videtur
643 1817 747 1900 igitur
781 1819 801 1895 ἡ
838 1824 973 1896 κοτῆλιψ
997 1818 1116 1884 similis
1139 1819 1242 1885 luisse
1267 1819 1298 1883 ei
1322 1819 1383 1895 rei,

106 1945 205 2010 quam
231 1926 419 1992 etiamnunc
432 1924 549 1990 rustici
563 1925 667 1990 nostri
683 1924 717 1989 in
734 1943 797 1990 usu
813 1925 943 2002 babent,
957 1945 1040 2007 qnae
1054 1932 1190 1992 vocatur
1205 1924 1384 2008 „norarn“.

148 2034 208 2099 Ec.
233 2036 297 2097 888
321 2029 407 2111 δεῦρ’
432 2031 472 2098 ἴτ’
489 2033 546 2097 έπὶ
568 2032 691 2110 τούμὸν
714 2033 818 2111 στόμα
845 2032 898 2114 „in
924 2049 961 2098 os
984 2049 1095 2097 meum
1123 2032 1346 2100 descendite“.

149 2141 200 2208 Pl.
225 2142 266 2204 69
292 2141 420 2218 ἀναθεὶς
443 2141 493 2206 ἐπὶ
517 2139 657 2218 κρημνόν
682 2139 739 2204 τιν’
759 2139 867 2203 αύτόν.

151 2247 206 2312 Fr.
233 2249 308 2324 349,
333 2250 351 2309 2
377 2246 796 2325 κοφίνους-λίθων-ἱμάν
830 2246 880 2310 ἐπὶ
902 2247 960 2310 τὸν
984 2247 1123 2325 κέραμον
1148 2247 1200 2326 ,ιιι
1226 2247 1385 2312 ιθοδιιιιιί.

154 2353 229 2418 Ηυο
253 2352 418 2434 pertinere
440 2351 592 2417 videntur
616 2351 713 2416 etiam
738 2352 916 2417 nonnullae
937 2351 1128 2418 locutiones
1151 2351 1325 2431 militares,
1349 2359 1387 2419 ut

109 2463 267 2527 ἵστασθαι
290 2460 339 2525 ἐπὶ
362 2464 447 2539 τρεῖς
472 2459 621 2537 ἀσπίδας,
647 2457 735 2541 quod
758 2458 882 2525 dicitur
904 2459 945 2523 de
968 2458 1093 2540 triplici
1117 2459 1189 2525 acie
1213 2460 1387 2547 instructa,

114 2585 320 2649 „crponraca
345 2586 388 2630 nn
411 2585 474 2648 rpn
498 2569 689 2646 mepearn“,
714 2584 777 2648 quo
812 2584 911 2632 sensu
940 2567 1075 2648 saepius
1098 2567 1147 2632 ἐπί
1171 2585 1198 2636 e.
1223 2585 1296 2649 gen.
1320 2565 1387 2632 dici

111 2677 209 2740 docet
242 2671 440 2739 Kuehnerus
463 2673 496 2755 (ᾖ
520 2675 598 2748 438,
622 2673 680 2752 ΙΙΙ,
707 2678 721 2737 1
748 2673 792 2757 b).
828 2673 920 2738 ldem
953 2692 1027 2741 curn
1057 2673 1110 2739 bis
1135 2673 1273 2739 Graecis
1296 2673 1387 2738 locu·

109 2782 256 2849 tionibus
290 2787 366 2862 apte
405 2783 575 2861 comparat
598 2779 879 2862 Franoogallieum
905 2799 985 2862 „eur
1008 2786 1124 2863 quatre
1147 2781 1187 2846 de
1211 2780 1387 2849 hauteur‘.

110 2888 252 2971 Proprie
276 2887 377 2970 igitur
399 2886 461 2950 hae
484 2885 667 2952 locutiones
700 2887 823 2952 valent:
847 2887 952 2952 altera
977 2887 1154 2969 „collocari
1177 2887 1210 2953 in
1234 2893 1304 2953 tres
1328 2887 1388 2953 cli·

111 2998 210 3080 peos“
239 3011 485 3076 „cranoanrncn
510 3012 553 3058 aa
575 3011 638 3074 πρυ
664 2998 792 3074 ιιιυπιιί,
818 2995 923 3060 altera
949 2993 1124 3078 „collocari
1149 2997 1182 3061 in
1206 2995 1312 3062 tribus
1329 2991 1387 3062 cli·

111 3103 201 3186 peis¹‘
231 3119 479 3182 „eraaoanreea
503 3119 548 3165 na
570 3118 677 3181 opero
701 3103 875 3177 murare&
898 3099 993 3168 Unde
1010 3105 1157 3186 apparet,
1174 3107 1265 3167 recte
1282 3101 1388 3167 Krue·

113 3227 227 3293 gerum
251 3209 290 3291 (Ι,
317 3210 369 3284 68,
393 3213 446 3282 40,
472 3206 506 3290 6)
544 3208 676 3286 docere,
700 3208 751 3274 ἐπί
775 3225 803 3276 c.
828 3225 896 3273 ace.
923 3209 1088 3290 usurpari,
1124 3224 1198 3272 cum
1222 3207 1262 3272 de
1297 3213 1388 3271 motu

111 3317 284 3401 cogitetur.
308 3313 373 3380 Sed
396 3333 471 3379 cum
502 3333 539 3380 re
566 3314 638 3395 ipsa
652 3333 710 3381 eae
734 3314 920 3380 locutiones
952 3313 1033 3381 nibil
1055 3311 1143 3380 inter
1167 3331 1202 3379 se
1226 3310 1387 3384 differant

111 3443 250 3500 prorsus
287 3441 388 3506 penes
417 3423 614 3504 scriptorem
648 3428 699 3488 eat
734 3421 907 3488 arbitrium
943 3423 1137 3488 alterutram
1173 3420 1328 3504 eligendi,
1353 3425 1390 3484 ut

112 3532 292 3614 Xenophon
316 3530 434 3609 (inab.
459 3536 491 3607 l,
514 3532 545 3602 8,
575 3531 630 3612 ll)
653 3530 751 3612 plane
786 3529 899 3594 eodem
938 3546 1038 3595 sensu
1062 3528 1096 3593 in
1119 3546 1185 3593 una
1208 3526 1389 3608 eademque

112 3635 315 3721 paragrapho
350 3644 490 3718 utraque
526 3642 648 3703 utatur:
688 3638 795 3702 ἔπειτα
818 3637 859 3713 ἢν
881 3637 939 3716 μὲν
962 3637 1012 3700 ἐπὶ
1041 3636 1185 3711 πολλοὺς
1205 3635 1390 3710 τεταγμένοι

111 3748 337 3825 προσάγωμεν,
361 3744 624 3821 περιττεύσουσιν
659 3744 751 3821 ἡμῶν
786 3744 817 3807 οἱ
851 3742 1109 3823 πολέμιον’-ἐάν
1139 3744 1176 3806 δὲ
1198 3739 1247 3806 ἐπ’
1273 3739 1391 3816 ὀλίγων

112 3852 293 3932 τεταγμένοι
329 3851 429 3929 ἴωμεν
464 3855 529 3914 κτλ.
565 3848 656 3916 ilaec
679 3849 799 3934 omnia,
824 3867 908 3931 quae
943 3849 1080 3926 ἀίοισα
1105 3845 1391 3930 προσεικάσειε

72 3961 76 3968 “
114 3958 214 4024 dubia
248 3957 414 4039 scriptura
449 3957 515 4021 loci
552 3956 796 4038 Aristophane,
821 3961 912 4021 recte
948 3953 1097 4021 iudicare
1123 3953 1302 4037 possimus.
1327 3953 1390 4018 Hic

115 4065 201 4134 enim
220 4064 315 4132 locus
338 4063 373 4127 in
395 4062 566 4128 codicibus
591 4063 637 4128 ita
659 4061 793 4146 legitur:

157 4171 194 4238 i.
218 4174 282 4235 282
308 4167 360 4250 ἐφ’
386 4164 582 4235 ἑπτακαίδεκ’
610 4170 758 4236 ἀσπίδων
793 4171 876 4248 πρὸς
906 4173 977 4249 ταῖς
999 4170 1112 4247 πύλαις
1135 4151 1309 4242 καθεύδων,
1334 4163 1390 4230 ubi

116 4279 216 4345 schol.
250 4277 429 4344 annotavit:
463 4271 516 4356 ἐφ’
552 4273 749 4343 ἑπτακαίδεκ’
781 4277 931 4356 ἀσπίδαςτ
967 4277 1016 4341 ὅτι
1047 4277 1104 4353 τὰς
1126 4273 1230 4351 τάξεις
1253 4273 1391 4351 ἀσπίδας

118 4387 236 4464 ἔλεγον,
260 4389 311 4450 καὶ
333 4384 433 4462 αύτδς
455 4385 550 4450 πάλιν
573 4378 813 4463 Ἀριστοφάνης
848 4382 884 4448 έν
912 4383 1137 4464 Βαβυλωνίοις·
1160 4377 1291 4444 ἵστασθ’
1316 4380 1391 4458 ἐφε-

119 4497 172 4573 ξῆς
203 4495 321 4571 πάντες
358 4493 409 4557 ἐπι
441 4495 526 4569 τρεῖς
562 4491 713 4568 ἀσπίδας.
754 4491 803 4555 ἐπὶ
833 4491 961 4556 τάξεσιν
984 4489 1191 4554 ἑπτακαίδεκα
1215 4485 1390 4560 καθεύδων,

117 4599 202 4666 ὥστε
223 4602 260 4665 τὸ
285 4600 386 4678 βάθος
408 4603 465 4677 τῆς
488 4602 637 4678 φρουράς
662 4597 872 4664 ἑπτακαίδεκα
896 4599 1037 4676 κατέχειν
1060 4596 1207 4672 ἀσπίδας.
1230 4591 1316 4658 Hinc
1340 4609 1393 4656 re·
